2238 3686
360 241 365 248 “
416 241 512 301 ΜΒ.
538 237 562 301 l.
603 243 640 302 vi.
889 251 929 315 99

119 366 235 435 Gaude,
255 369 332 442 quod
346 369 473 444 spedant
486 371 560 428 oculi
574 381 603 429 te
616 371 695 429 mille
708 371 886 447 loquentem:

120 469 241 525 Gnarus
252 489 336 527 mane
347 472 451 543 sorum,
465 483 495 531 et
505 475 678 550 vespertinus
691 485 756 550 pete
770 475 876 532 testum
883 501 891 545 3

119 572 172 628 No
184 572 248 647 plus
262 573 399 631 frumenti
413 577 553 634 dotalibus
567 587 672 636 emetat
684 577 758 654 agris

121 675 239 731 Mutus:
262 687 291 733 et
306 677 479 755 (indignum,
494 682 570 756 quod
584 681 618 737 sit
631 678 772 756 pejoribus
784 681 875 756 ortus)

121 776 181 834 Hic
195 777 248 834 tibi
262 780 295 835 srt
308 780 410 856 potius,
425 801 512 857 quarn
525 793 556 840 tu
570 783 705 840 mirabilis
717 783 768 840 illi.

120 880 272 956 Quicquid
283 882 334 940 sub
349 885 423 941 terrd
435 887 482 954 est,
502 885 534 942 in
547 885 674 961 apricum
686 886 810 960 proferet
823 895 903 958 aetasa

116 982 267 1054 Defodiet‚
281 985 440 1062 condetque
452 987 580 1045 nitentia.
621 990 697 1045 Cum
708 989 781 1046 bene
794 999 896 1046 notiun

120 1086 248 1144 Porticus
261 1088 408 1164 Agrippae,
422 1102 452 1147 et
463 1090 508 1147 uia
521 1100 550 1148 te
560 1091 736 1167 conspexerit
748 1093 837 1168 Appt‚
914 1111 917 1120 *

116 1190 166 1247 Ire
179 1199 276 1248 tamen
289 1193 379 1260 restat,
390 1193 493 1271 vNuma
506 1213 563 1268 quo
576 1193 699 1264 devenit,
713 1204 743 1250 et
755 1195 863 1252 Ancus.

113 1292 149 1348 -Si
162 1293 244 1364 latus,
259 1305 309 1351 aut
322 1313 401 1352 renes
414 1298 514 1353 morbo
527 1306 675 1354 tentantur
687 1305 779 1367 acute,

119 1397 226 1452 Ouaere
238 1397 338 1473 sugam
352 1399 453 1456 morbi.
486 1399 538 1456 Vis
551 1401 625 1458 reste
637 1401 747 1457 vivere?
769 1401 831 1475 quis
845 1404 919 1458 nont

118 1497 147 1555 Si
160 1498 249 1556 virtus
262 1500 316 1557 hoc
327 1519 387 1558 una
399 1502 488 1578 potest
500 1503 575 1571 dare,
590 1502 669 1558 sonis
682 1501 789 1558 omiffis

117 1602 183 1659 Hoc
196 1623 249 1679 age
262 1603 379 1662 deliciis.
413 1604 557 1664 Virtutem
569 1607 654 1662 verba
667 1615 756 1680 putes,
770 1614 804 1662 ut

118 1707 230 1764 Lucum
241 1707 336 1783 ligna?
358 1725 434 1777 cave,
452 1727 489 1765 ne
500 1720 598 1783 portus
611 1719 731 1786 occupet
743 1708 827 1766 alter:

116 1809 165 1866 Ne
178 1809 350 1887 Cibyratica,
366 1809 538 1886 ne·Bithyna
551 1811 673 1886 negotia,
687 1812 793 1886 perdas.

116 1912 201 1970 Mille
213 1913 320 1970 talenta
330 1915 531 1984 retundemus,
553 1913 674 1971 totidem
685 1914 772 1971 altera
784 1933 876 1990 porro,
889 1925 919 1972 et

114 2016 213 2072 Tertia
227 2016 386 2086 succedant,
401 2027 430 2072 et
443 2035 507 2091 quae
519 2035 582 2092 pars
595 2018 714 2092 quadret
727 2035 867 2076 acervum.

115 2118 230 2176 Scilicet
242 2137 361 2176 uxorem
370 2137 441 2176 'cum
454 2119 529 2188 dote,
543 2117 695 2194 fidemque,
709 2129 739 2176 et
750 2119 865 2192 amieos,

114 2224 152 2279 Et
165 2241 266 2299 genus,
280 2233 311 2278 et
323 2222 454 2292 sormam,
469 2221 566 2298 regina
580 2221 701 2278 Pecunia
715 2223 816 2278 donat:

113 2329 160 2384 Ac
172 2329 246 2384 bene
258 2337 440 2384 nummatum
454 2327 567 2384 decorat
581 2328 708 2398 Suadela,
722 2329 883 2404 Venusque.

113 2431 268 2507 Mancipiis
279 2433 403 2507 locuples
416 2442 481 2508 eget
494 2431 556 2488 aetis
567 2433 769 2507 Cappadocum
782 2451 845 2490 rex:

107 2535 161 2592 Ne
174 2535 261 2592 fueris
272 2535 319 2593 hic
332 2545 372 2592 tu.
414 2534 587 2610 Chlamydes
601 2534 744 2606 Lucullus,
758 2546 792 2592 ut
804 2537 894 2609 aiunt,

113 2640 142 2697 Si
154 2639 246 2717 posset
259 2649 375 2696 centum
390 2639 479 2695 scenae
491 2641 614 2714 praebere
627 2648 749 2714 rogatus,

57 2735 60 2744 ’
105 2745 174 2801 “Qui
192 2743 303 2819 possum
322 2745 381 2810 tot?
405 2742 457 2800 ait:
480 2751 576 2798 tamen
595 2751 624 2798 et
642 2761 775 2816 quaeram‚
798 2753 827 2800 et
843 2753 914 2819 quot

189 2846 301 2902 habebo

110 2947 241 3006 Mittam.
282 2948 345 3004 Post
355 2947 440 3022 paulo
454 2945 557 3017 scribit,
572 2946 622 3004 fibi
634 2946 723 3004 millia
737 2947 863 3023 quinque

109 3051 173 3109 Esse
185 3051 264 3108 domi
274 3051 472 3127 chlamydum
494 3059 613 3124 partem,
627 3049 671 3106 vel
684 3049 794 3107 tolleret
804 3071 909 3112 omnes.

104 3154 199 3212 Exilis
213 3155 314 3212 domus
325 3154 373 3226 est,
387 3153 436 3212 ubi
450 3171 508 3210 non
521 3162 550 3210 et
563 3152 654 3210 multa
665 3151 821 3229 supersunt,
