2238 3686
391 221 481 279 LIB.
509 222 548 279 11.
588 219 646 279 viii.
882 221 919 276 85

118 345 163 402 Ut
176 345 277 416 modo,
299 345 320 404 fi
333 346 461 422 patinam
475 349 547 425 pede
560 349 652 424 lapsus
665 347 778 422 frangat
792 342 884 420 agaso.

118 448 174 504 Sed
186 447 384 521 convivatoris,
397 451 441 507 uti
454 451 543 522 ducis,
558 449 707 527 ingenium
720 468 762 506 res

118 551 255 610 Adversae
269 554 376 611 nudare
389 553 488 624 solent,
502 555 592 611 celare
604 552 741 610 secundae.

117 652 290 710 Nasidienus
303 655 338 711 ad
352 655 426 712 haec:
449 655 517 713 Tibi
530 656 569 726 dl,
583 671 758 731 quaecunque
768 649 896 728 preceris,

118 755 279 814 Commoda
291 758 373 828 dent,
388 757 429 816 ita
439 758 580 815 virbonus
590 777 628 828 es,
637 756 810 832 convivaque
821 753 917 814 comis.

118 859 159 917 Et
171 859 258 918 soleas
270 860 373 936 poscit:
396 871 459 919 tum
472 861 504 919 in
518 862 590 920 lesio
604 880 716 938 quoque
729 859 836 917 videres

120 959 243 1019 Stridere
256 961 360 1020 secreti
372 963 473 1022 divisos
487 983 556 1022 aure
568 963 699 1021 susurros.

120 1063 226 1122 Nullos
239 1063 283 1122 his
296 1065 411 1123 mallem
422 1066 503 1123 ludos
516 1066 660 1142 spedasle:
684 1065 731 1122 sed
743 1065 793 1122 illa

120 1167 228 1236 Redde,
244 1186 305 1243 age,
320 1187 383 1244 quae
397 1168 527 1243 deinceps
540 1167 628 1226 risisti.
668 1167 801 1226 Vibidius
814 1170 884 1226 dum

121 1270 236 1328 Quaerit
248 1272 284 1328 de
297 1272 398 1347 pueris,
413 1292 484 1329 num
497 1272 531 1330 fit
542 1292 655 1349 quoque
669 1274 756 1331 frada
769 1273 879 1350 lagena,

122 1373 212 1430 Quod
226 1372 278 1431 fibi
290 1374 415 1449 poscenti
429 1395 486 1432 non
500 1376 603 1433 dentur
617 1376 733 1452 pocula,
755 1377 881 1451 dumque

121 1476 242 1534 Ridetur
254 1476 327 1535 ficiis
340 1497 444 1548 rerum,
457 1479 608 1535 Balatrone
622 1477 759 1548 secundo;

119 1577 284 1650 Nafidiene,
299 1579 371 1636 redis
383 1589 501 1637 mutatae
515 1579 626 1650 frontis,
640 1589 674 1637 ut
687 1588 747 1638 arte

121 1685 329 1742 Emendaturus
343 1684 503 1740 fortunam:
526 1683 628 1741 deinde
640 1683 729 1742 secuti

122 1787 296 1844 Mazonomo
308 1785 389 1864 pueri
403 1805 507 1862 magno
521 1785 658 1863 discerpta
671 1787 792 1846 ferentes

121 1891 257 1949 Membra
271 1889 357 1966 gruis,
371 1888 454 1965 sparsi
467 1888 523 1946 sale
537 1889 637 1958 multo,
652 1910 710 1948 non
723 1892 781 1950 fine
794 1893 881 1964 farre,

123 1992 280 2069 Pinguibus
292 2005 321 2049 et
333 1991 394 2048 ficis
403 1991 514 2067 pastum
522 1990 603 2067 jecur
616 1992 718 2050 anseris
732 1994 789 2052 albi
796 2019 804 2064 3

122 2097 159 2154 Et
173 2096 303 2172 leporum
317 2094 434 2163 avulsos,
447 2103 481 2152 ut
494 2094 586 2150 multo
599 2094 718 2165 suavius,
733 2115 834 2167 armos,

123 2201 223 2257 Quam
235 2198 256 2255 fi
267 2217 333 2270 eum
343 2196 448 2254 lumbis
459 2195 521 2272 quis
532 2195 604 2252 edit:
628 2206 691 2253 tum
703 2199 816 2272 peslore
828 2201 923 2259 adusto

121 2301 257 2358 Vidimus
271 2310 300 2357 et
312 2299 433 2356 merulas
445 2297 523 2374 poni,
541 2307 571 2355 et
582 2298 639 2356 fine
652 2300 736 2358 clune
748 2301 893 2380 palumbes
899 2329 908 2375 ;

123 2406 228 2462 Suaves
241 2422 294 2470 res,
309 2402 328 2459 fi
343 2419 401 2458 non
413 2400 509 2458 causas
522 2411 647 2458 narraret
660 2421 766 2473 earum,
779 2414 808 2463 et

123 2508 251 2566 Naturae
265 2504 396 2562 dominus
404 2528 412 2573 ;
434 2522 521 2578 quem
534 2522 584 2560 nos
599 2503 636 2560 fic
648 2504 776 2580 sugimus
788 2508 851 2580 ulti,

123 2612 167 2670 Ut
180 2608 255 2667 nihil
268 2607 386 2665 omnino
398 2605 580 2682 gustaremus,
594 2606 672 2664 velut
684 2606 740 2665 illis
839 2623 841 2628 '

123 2712 246 2772 Canidia
260 2709 386 2782 afflasset,
400 2706 479 2786 pejor
491 2707 665 2784 serpentibus
679 2710 754 2769 atris.
