2242 3680
166 194 249 275 ἥθ’
321 263 323 267 ,
405 204 720 274 SERMONUM,

166 328 325 405 Imparibus
338 329 436 388 formis
450 333 601 408 deceptum
615 340 644 388 te
656 335 748 406 patet:
771 327 837 386 esto.

166 430 252 488 Unde
267 433 367 490 datiun
377 433 471 504 sentis,
485 435 568 510 lupus
580 433 628 490 hic
640 431 800 500 Tiberinus,
815 448 851 488 an
865 429 924 486 alto

130 555 143 590 ,’
165 533 273 608 Captus
286 535 361 605 hiet3
382 545 519 611 pontesne
531 536 606 592 inter
615 534 745 612 jastatus
759 552 795 590 an
809 531 902 589 amnis

165 633 244 694 Ostia
256 637 307 694 sub
320 637 422 696 Tusci?
445 639 555 696 Laudas
567 637 664 696 insane
677 637 815 694 tu'libre'rn

164 737 301 810 Mullum,
316 740 346 798 in
358 740 466 817 singula
479 759 567 815 quern
578 739 688 797 minuas
698 738 847 814 pulmenta
859 736 967 795 necesse

242 842 289 898 est.

164 942 253 1000 Ducit
267 952 296 1001 te
309 945 421 1020 species,
435 947 526 1005 video.
568 948 636 1005 Quo
646 945 769 1022 pertinet
782 961 859 1022 erg0‚

163 1047 293 1103 Procerus
306 1047 391 1104 odisse
404 1029 501 1124 luposi
523 1049 589 1125 quia
602 1047 707 1105 scilicet
722 1045 778 1104 iliis

164 1147 303 1224 Majorem
316 1159 415 1207 natura
429 1152 548 1208 modum
561 1149 649 1218 dedit,
671 1149 714 1206 his
731 1151 814 1205 breve
824 1147 947 1222 pondus.

93 1267 96 1272 ’
162 1249 280 1326 Jejunus
292 1267 354 1308 raro
368 1252 525 1310 stomachus
537 1251 664 1328 vulgaria
678 1249 789 1307 temnit.

163 1353 323 1410 Porrestum
334 1373 439 1430 magno
448 1373 592 1430 magnum
603 1353 726 1429 spetiare
738 1351 833 1408 catino

162 1454 283 1525 Vellem,
298 1454 338 1512 ait
348 1456 483 1532 Harpyiis
496 1455 562 1532 gula
575 1455 662 1530 digna
678 1453 837 1531 rapacibus:
861 1461 891 1509 at
904 1445 964 1524 vos,

163 1557 312 1614 Praesentes
325 1558 430 1627 Austri,
443 1558 556 1633 coquite
569 1557 671 1614 horum
684 1555 812 1613 obsonia:
834 1555 965 1630 quamvis

162 1659 245 1716 Putet
259 1678 324 1733 aper
336 1659 527 1734 rhombusque
540 1679 644 1729 recens,
666 1659 740 1716 mala
754 1657 834 1734 copia
848 1659 964 1732 quando

161 1761 287 1836 AEgrum
298 1759 419 1818 solicitat
431 1761 607 1818 stomachum
612 1785 621 1832 3
644 1779 711 1817 cum
722 1760 819 1835 rapula
830 1759 932 1835 plenus

161 1863 259 1937 Atque
270 1861 361 1918 acidas
372 1863 481 1919 mavult
492 1863 590 1920 inulas.
619 1863 753 1920 Necdum
763 1861 855 1919 omnis
864 1861 963 1920 ababia

161 1963 307 2039 Pauperies
320 1963 410 2039 epulis
422 1983 537 2040 regum:
560 1984 628 2022 nam
639 1965 742 2022 vihbus
755 1963 823 2034 ovis,

160 2067 315 2142 Nigrisque
328 2068 367 2124 est
377 2067 445 2124 oleis
458 2066 542 2124 hodie
556 2067 641 2124 locus.
681 2067 768 2123 Haud
778 2065 818 2122 ita
830 2065 942 2142 pridem

160 2169 274 2238 Galloni
287 2169 422 2245 praeconis
437 2178 496 2226 erat
510 2168 668 2243 acipensere
680 2168 777 2226 mensa

159 2271 285 2329 Infamis.
328 2270 425 2328 Quid?
448 2281 510 2328 tum
523 2270 656 2328 rhombos
667 2269 761 2328 minus
774 2289 887 2346 aequora
902 2271 960 2328 ale-

238 2375 322 2430 bant?

156 2477 251 2533 Tutus
264 2484 323 2535 erat
334 2477 477 2547 rhombus,
491 2485 610 2552 tutoque
623 2475 731 2533 ciconia
745 2475 820 2547 nido,

160 2580 259 2636 Donec
272 2597 320 2634 vos
333 2587 414 2635 autor
427 2579 523 2636 docuit
538 2577 691 2654 praetorius.
727 2579 816 2654 Ergo,

158 2681 188 2738 Si
202 2681 263 2756 quis
277 2697 353 2736 nunc
365 2699 475 2756 mergos
489 2681 584 2738 suaves
597 2679 718 2738 edixerit
731 2681 809 2750 assos,

158 2783 277 2852 latebit,
290 2781 368 2857 pr'avi
382 2781 488 2852 docilis,
504 2784 631 2840 Romana
641 2781 783 2857 juventus.

157 2886 289 2942 Sordidus
303 2905 319 2942 a
333 2885 412 2942 tenui
425 2883 502 2942 vistu
515 2884 633 2953 distabit,
655 2884 752 2942 Ofello

156 2987 271 3062 Judice:
294 3007 361 3045 narn
373 2987 471 3044 frustra
484 2986 586 3044 vitium
600 2985 729 3044 vitaveris
744 2987 824 3059 illud,

155 3089 189 3146 si·
200 3098 228 3158 tc
241 3088 295 3146 alio
307 3107 425 3164 pravum
438 3088 591 3148 detorseris.
632 3089 796 3161 Avidienus,
