2242 3680
162 193 223 252 =⁵o
425 197 738 267 SERMONUM,

185 321 311 396 Speravit
324 343 437 400 magnae
449 324 526 382 laudi
537 326 606 384 sore.
648 324 728 383 Ouid
743 321 833 380 simile
844 319 890 378 isti

186 423 301 480 Graecus
315 424 481 502 Aristippus,
496 426 546 502 qui
559 428 650 484 servos
663 425 797 503 projicere
811 441 915 481 aurum

185 527 219 582 ln
233 527 326 582 mediat
333 526 413 602 jussit
426 529 526 604 Libya,
542 530 607 606 quia
622 530 727 588 tardius
741 528 823 597 irent,

186 629 302 706 Propter
312 649 383 686 onus
397 630 510 706 segnes?
532 643 595 689 nter
606 633 644 690 est
657 631 782 688 insanior
794 629 920 686 horum?

186 732 237 788 ut]
252 733 312 808 agit
325 733 497 810 exemplum,
512 734 593 792 litem
607 736 683 811 quod
702 735 752 792 lite
766 731 890 790 resolvit.

187 836 214 892 Si
229 837 291 912 quis
304 847 381 894 emat
395 838 524 909 citharas,
545 849 654 914 emptas
668 847 826 914 comportet
839 836 869 892 in
883 853 987 903 unum,

187 942 250 1000 Nec
264 941 353 998 studio
365 942 480 998 citharae
494 961 545 998 nec
558 943 651 1000 Musae
665 941 776 998 deditus
788 933 855 1009 uni}

186 1044 214 1100 Si
229 1044 333 1119 scalpra
348 1055 376 1100 et
391 1044 503 1115 formas,
524 1064 581 1101 non
596 1045 672 1102 sutor
678 1070 686 1115 3
709 1033 824 1102 nautica
837 1043 910 1112 vela,

185 1146 308 1202 Aversns
322 1147 500 1216 mercaturis;
523 1146 634 1216 delum,
648 1156 677 1203 et
691 1166 796 1216 amens,

186 1248 323 1324 Undique
335 1249 445 1306 dicatur
458 1249 560 1306 merito
604 1249 665 1306 Qui
678 1249 815 1324 discrepat
828 1248 894 1317 istis,

188 1351 247 1408 Qui
259 1371 391 1410 nummos
405 1371 562 1427 aurumque
573 1351 710 1422 recondit,
730 1350 839 1408 nescius
853 1352 896 1410 uti

91 1505 93 1511 .
186 1455 364 1530 CompositiS,
387 1465 572 1530 metuensque
585 1455 663 1510 velut
681 1453 845 1530 contingere
859 1455 986 1514 sacrum?

187 1558 215 1614 Si
229 1559 291 1636 quis
305 1560 340 1616 ad
354 1559 502 1636 ingentem
513 1557 650 1614 frumenti
664 1557 772 1632 semper
785 1575 918 1615 acervum
968 1541 976 1562 ⁸

186 1664 330 1720 Porreetns
344 1663 453 1738 vigilet,
467 1682 533 1718 cum
545 1663 631 1737 longo
644 1661 730 1730 suste5
752 1647 846 1736 neque
859 1661 940 1720 illinc

185 1766 301 1822 Audeat
314 1765 436 1822 esuriens
453 1763 584 1822 dominus
598 1763 762 1840 contingere
777 1783 908 1840 granum,

185 1869 231 1924 Ac
244 1867 336 1942 potius
350 1867 424 1924 soliis
437 1885 537 1942 parcus
549 1867 678 1924 vescatur
691 1865 806 1922 amaris:

186 1969 224 2050 Si,
238 1970 333 2046 positis
345 1969 422 2026 intus
435 1969 503 2028 Chii
516 1968 673 2044 veterisque
687 1966 797 2026 Falerni

185 2075 269 2132 Mille
282 2074 370 2144 cadis;
394 2074 466 2130 nihil
479 2074 527 2143 esi,
550 2082 708 2130 tercentum
721 2073 858 2143 millibus,
871 2093 935 2132 acre

156 2215 158 2226 ι
185 2179 267 2236 l’otet
277 2187 402 2234 acetum:
427 2195 487 2253 age,
503 2176 563 2233 sret
576 2175 732 2232 stramentis
745 2175 870 2248 incubet,
889 2179 967 2236 unde

186 2280 341 2356 Odtoginta
355 2299 442 2336 annos
456 2287 547 2348 natus,
561 2277 608 2334 cui
622 2279 742 2354 stragula
755 2278 844 2350 vestie,

185 2383 343 2439 Blattarum
355 2403 386 2440 ac
401 2382 542 2439 tinearum
555 2381 655 2456 epulae,
669 2383 812 2458 putrescat
822 2382 853 2438 in
866 2383 945 2440 arel:

186 2484 335 2542 Nimirum
347 2485 460 2542 insanus
473 2484 568 2560 paucis
583 2483 719 2554 videatur,
733 2503 767 2542 eo
781 2487 858 2560 quod
940 2509 944 2517 ²

185 2587 315 2645 Maxima
329 2607 391 2662 pars
405 2587 554 2644 hominum
568 2589 667 2643 morbo
675 2585 797 2662 jastatur
809 2589 920 2646 eodem.

185 2691 281 2760 Filius,
296 2690 445 2748 autetiam
459 2690 519 2746 haec
533 2688 649 2746 libertus
663 2691 802 2760 utebibat
814 2691 913 2762 haeres,

185 2795 237 2850 Dis
250 2793 366 2850 inimice
380 2793 474 2862 senex,
488 2792 624 2849 custodis?
650 2812 685 2848 ne
700 2793 752 2850 tibi
765 2794 852 2850 defit?

151 2947 154 2956 .
187 2897 368 2957 Quantulum
380 2896 458 2952 enirn
471 2895 588 2952 summae
599 2896 721 2952 curtabit
733 2897 852 2973 quisque
862 2898 984 2970 dierum,

185 3003 322 3079 Unguere
337 3003 356 3060 s1
368 3001 460 3059 caules
473 3000 535 3056 oleo
547 2999 672 3070 meliore,
687 3011 828 3077 caputque

187 3106 320 3180 Coepcris,
334 3104 447 3179 imperil
462 3103 571 3160 soedum
585 3102 744 3178 porrigine?
777 3106 884 3192 Quare,
