2242 3680
433 245 530 305 tra.
559 248 582 306 r.
621 243 642 306 i.
905 223 933 304 's

131 371 300 453 Supremum
313 379 433 448 tempus,
447 393 484 431 ne
497 375 525 432 se
538 374 655 450 penuria
666 371 757 432 vidus

132 475 321 551 Opprimeret,
341 479 497 534 metuebat.
537 477 580 533 At
593 476 670 533 hunc
682 475 785 533 liberta
797 474 887 533 securi
904 537 907 542 ,

132 575 233 634 Divisit
243 578 380 648 medinm,
400 579 549 636 fortissima
559 577 800 654 Tyndaridarum.

128 665 211 736 'Quid
223 681 264 737 ml
281 679 371 756 igitur
383 680 498 738 suades?
520 690 555 737 ut
566 679 661 736 vivam
672 679 808 737 Naerius?
830 686 880 736 aut
896 679 933 738 fic

131 781 172 841 Ut
184 782 401 840 Nomentanus?
423 783 518 859 Pergis
530 783 688 860 pugnantia
701 783 798 840 secum

131 882 278 940 Frontibus
291 884 410 942 adversis
420 887 606 959 componere?
627 885 698 942 Non
711 903 774 960 ego,
797 898 914 943 avarum

131 985 206 1042 Cum
217 995 283 1043 veto
296 995 326 1042 te
338 986 409 1057 fieri,
428 1006 550 1062 vappam
557 985 644 1062 jubeo
657 1005 690 1044 ac
703 987 884 1045 nebulonem.

131 1088 176 1144 Est
187 1087 262 1144 inter
273 1088 395 1146 Tanaim
409 1089 554 1164 quiddam,
568 1087 752 1164 socerumque
764 1089 875 1146 Viselli.

131 1189 176 1247 Est
188 1191 289 1247 modus
300 1189 331 1246 in
344 1192 426 1248 rebus
432 1215 440 1262 ;
463 1191 528 1248 sunt
544 1191 613 1248 certi
626 1191 750 1267 denique
763 1192 843 1264 fines,

133 1293 212 1350 Quos
224 1292 300 1349 ultra
312 1292 438 1368 citraque
451 1293 550 1368 nequit
562 1293 707 1350 consrstere
720 1295 840 1352 redum.

133 1393 213 1464 Illuc,
226 1394 303 1451 unde
316 1393 382 1464 abii,
402 1395 495 1451 redeo.
535 1395 659 1452 Nemon’
673 1405 707 1452 ut
719 1373 818 1452 avarus

130 1497 164 1554 Se
176 1499 284 1573 probet,
306 1506 335 1554 at
347 1496 441 1572 potius
453 1498 550 1554 laudet
563 1496 670 1554 diversa
684 1499 848 1573 sequentes?

129 1601 274 1674 ¹Quodque
285 1600 375 1658 aliena
388 1599 494 1674 capella
506 1608 584 1676 gerat
599 1599 745 1657 distentius
758 1602 838 1672 uber,

129 1702 283 1758 Tabescat?
305 1719 398 1775 neque
409 1701 437 1757 se
451 1699 550 1775 majori
562 1702 763 1777 pauperiorum

130 1805 235 1861 Turbae
255 1805 416 1878 comparet?
443 1802 520 1860 hunc
538 1813 623 1878 atque
641 1803 719 1862 hunc
742 1805 871 1880 superare
891 1805 932 1862 la-

207 1908 303 1963 bonet?

130 2008 175 2065 Sic
188 2007 331 2065 festinanti
344 2007 452 2082 semper
464 2005 631 2082 locupletior
644 2008 749 2065 obstat:

129 2112 182 2181 Ut,
196 2129 263 2182 cum
275 2109 431 2166 carceribus
444 2107 537 2165 missos
549 2109 624 2185 rapit
635 2110 745 2186 ungula
757 2129 863 2182 currus,
918 2131 922 2140 ’

128 2212 218 2270 Instat
230 2211 310 2287 equis
322 2209 420 2286 auriga
433 2209 495 2266 suos
508 2211 696 2280 vincentibus,
717 2211 801 2268 illum

128 2313 307 2372 Praeteritum
321 2321 458 2382 temnens,
480 2321 622 2370 extremos
638 2313 852 2372 intereuntem.

128 2419 200 2475 Inde
213 2416 256 2486 fit,
277 2424 310 2472 ut
322 2433 394 2485 raro,
415 2413 464 2488 qui
477 2415 506 2472 se
516 2414 615 2472 vixisse
629 2418 745 2473 beatum

127 2520 224 2588 Dicat,
238 2527 276 2587 et,
290 2517 389 2574 erasto
402 2525 552 2573 contentus
564 2525 702 2592 ternpore,
721 2517 781 2576 vita

127 2621 229 2692 Cedat,
243 2618 288 2676 uti
299 2616 417 2675 conviva
429 2617 514 2688 satur,
535 2619 656 2693 reperire
668 2628 814 2694 queamus,
923 2679 924 2682 ,

84 2793 87 2799 Ι
125 2725 194 2800 Jam
207 2721 273 2780 satis
286 2721 338 2777 est:
361 2737 397 2776 ne
410 2738 457 2776 me
470 2719 594 2796 Crispini
606 2721 707 2780 scrinia
720 2721 791 2798 lippi

127 2823 302 2902 Compilaffe
311 2831 402 2898 putes,
422 2826 542 2882 verbum
554 2843 612 2882 non
625 2825 746 2902 amplius
759 2825 870 2884 addam.
