2238 3686
185 241 240 292 132
393 237 761 310 EPISTOLARUM,

182 362 314 420 Praesenti
324 363 378 422 tibi
390 375 514 425 maturos
526 367 663 446 largimur
676 368 804 438 honores,

182 467 375 542 Jurandasque
388 477 470 526 tuum
482 489 532 546 per
544 491 650 528 numen
663 469 794 547 ponimus
807 486 884 538 aras;

181 567 234 624 Nil
247 568 387 626 oriturum
400 571 477 642 alias,
490 573 531 629 nil
544 583 638 631 ortum
653 574 716 643 tale,
730 573 860 634 fatentes.

182 669 236 728 Sed
249 679 313 726 tuus
327 669 380 727 hoc
393 675 512 748 populus
524 674 632 750 sapiens
644 685 673 732 et
679 675 767 752 justus
780 675 811 731 in
823 693 891 742 uno,

180 774 224 830 Te
237 773 333 830 nostris
346 774 471 845 ducibus,
487 788 514 833 te
527 777 618 834 Graiis
631 778 820 847 anteferendo,

181 877 291 932 Caetera
304 895 482 952 nequaquam
491 867 578 936 'simili
590 879 698 936 ratione
711 881 852 954 modoque

180 977 329 1048 AEstimat3
351 990 389 1048 ct,
404 980 455 1037 nisi
468 1001 532 1056 quae
546 982 624 1038 terris
637 981 742 1038 semota
755 981 865 1056 ficisque

180 1081 368 1156 Temporibus
381 1083 512 1141 defuncta
526 1084 612 1154 videt,
626 1084 731 1141 fastidit
743 1093 771 1140 et
785 1083 859 1140 odit:

180 1183 226 1240 Sic
239 1184 332 1240 fautor
342 1193 478 1255 veterum,
492 1195 525 1242 ut
537 1187 645 1243 tabulas
658 1205 773 1261 peceare
785 1193 921 1254 vetantes,

181 1287 261 1342 Quas
274 1285 317 1343 bis
330 1287 456 1362 quinque
468 1287 521 1345 viri
534 1288 699 1358 sanxerunt5
721 1288 827 1345 foedera
838 1307 947 1364 regum,

179 1389 235 1445 Vel
246 1389 343 1446 Gabiis
355 1390 400 1447 vel
413 1409 479 1448 cum
492 1390 589 1468 rigidis
601 1399 710 1465 aequata
724 1390 844 1460 Sabinis3

179 1492 350 1550 Pontificum
363 1492 447 1550 libros
453 1518 461 1563 ;
484 1493 587 1550 annosa
600 1493 745 1550 volumina
757 1502 864 1562 vatum,

179 1593 300 1651 Diciitet
314 1595 428 1652 Albano
441 1595 537 1652 Musas
549 1596 579 1652 in
593 1606 690 1653 monte
703 1597 818 1654 locutas,

179 1697 217 1767 Si,
231 1697 297 1772 quia
310 1697 460 1754 Graiorum
473 1698 538 1754 sunt
552 1698 740 1773 antiquiffima
754 1718 874 1774 quaeque

179 1802 286 1877 Scripta
299 1801 343 1857 vel
357 1781 473 1876 optima,
488 1801 610 1858 Romani
623 1801 775 1876 pensantur
787 1802 887 1857 eidem

178 1905 329 1980 Scriptores
342 1903 458 1973 trutina,
472 1921 530 1960 non
545 1904 584 1960 est
597 1905 673 1978 quod
686 1903 777 1960 multa
789 1903 938 1977 loquamur
943 1927 952 1972 5

177 2007 314 2064 Nii‘intra
327 2006 365 2062 est
377 2005 449 2074 oieb,
462 2006 502 2062 nil
515 2015 593 2063 extra
606 2005 689 2062 estin
702 2025 774 2062 nuce
788 2005 864 2062 duri:

176 2109 316 2167 Venimus
329 2109 365 2166 ad
377 2109 521 2165 summum
534 2109 668 2178 fortunae3
690 2107 844 2184 pingimus,
858 2117 943 2184 atque

176 2211 331 2282 psallimus,
345 2219 374 2268 et
387 2211 535 2280 ludtamur,
549 2210 667 2267 Achivis
681 2209 789 2268 doctius
799 2211 898 2268 unctis.

176 2315 206 2372 Si
219 2315 334 2371 meliora
347 2314 413 2383 dies,
427 2322 461 2370 ut
472 2313 546 2382 vina,
561 2316 691 2389 poimata
704 2313 805 2384 reddit,

176 2419 251 2474 Scire
265 2417 358 2487 velim,
377 2417 501 2492 pretium
512 2415 614 2474 chartis
627 2425 730 2491 quotus
743 2425 854 2492 arroget
873 2435 972 2474 annus.

176 2519 298 2595 Scriptor
312 2518 414 2576 abhinc
427 2537 514 2576 annos
527 2527 643 2576 centum
655 2517 704 2594 qui
718 2517 831 2589 decidit,
845 2519 920 2577 inter

175 2622 313 2681 Perfedos
326 2623 489 2696 veteresque
501 2621 597 2678 referri
610 2621 704 2691 debet,
719 2641 756 2678 an
768 2621 845 2682 inter

173 2725 252 2782 Viles
266 2713 350 2798 atque
364 2725 466 2781 novos?
487 2723 619 2781 excludat
626 2721 720 2801 jurgia
734 2723 808 2781 finis.

174 2828 222 2884 Est
235 2835 314 2884 vetus
328 2834 413 2902 atque
425 2827 537 2900 probus,
558 2835 673 2884 centum
686 2823 735 2903 qui
748 2815 859 2902 perficit
872 2847 969 2886 annos.

175 2929 273 2988 Quid?
294 2929 344 3004 qui
357 2928 476 3005 deperiit
488 2927 581 2986 minor
591 2949 649 2987 uno
662 2930 765 3000 mense,
778 2932 824 2988 vel
837 2951 920 3003 anno,

174 3033 253 3089 Inter
263 3048 333 3107 quos
345 3032 506 3090 referendus
519 3032 588 3088 erit?
609 3041 752 3090 veteresne
765 3035 878 3110 poEtas?

141 3179 145 3190 ,
173 3133 223 3191 An
236 3153 305 3208 quos
313 3143 345 3192 et
358 3135 486 3211 praesens,
500 3143 529 3192 et
541 3135 648 3211 postera
660 3133 771 3210 respuet
783 3139 869 3195 aetas?
