2238 3686
377 203 380 210 ⁴
435 193 583 270 urna
623 192 663 250 u.
895 198 947 248 105

143 316 172 374 Si
186 326 295 392 quaeret
312 317 381 393 quid
398 337 492 396 agam,
513 319 568 390 dic,
590 319 682 376 multa
706 325 735 374 et
753 316 871 392 pulchra
890 317 946 374 mi-

221 429 348 492 nantem,

140 522 247 580 Vivere
260 542 312 580 noe
325 523 408 594 redte,
423 543 475 582 nec
489 525 624 582 suaviter:
649 525 726 582 haud
736 525 802 600 quia
817 525 925 601 grando

141 625 315 683 Contuderit
327 625 406 696 vitea,
421 627 548 684 oleamve
560 627 746 685 momorderit
759 628 838 684 aestus
844 652 853 697 3

142 727 286 803 Necquia
299 729 462 805 longinquis
476 740 637 788 armentum
648 739 767 806 aegrotet
780 730 810 786 in
822 729 895 806 agris
901 755 909 800 5

143 832 199 904 ¹Sed
212 831 289 906 quia,
308 841 404 888 mente
415 832 509 889 minus
522 833 631 890 validus
644 852 731 908 quam
745 851 860 907 corpore
873 841 944 901 toto,

142 933 197 991 Nil
210 933 308 991 audire
321 934 417 1004 velim,
431 935 472 990 nil
486 935 599 1004 discere,
615 937 691 1010 quod
704 935 779 992 levet
792 953 914 1011 aegrum,

142 1035 220 1093 Fidis
233 1036 361 1093 offendar
372 1034 499 1106 medicis,
512 1037 614 1094 irascar
626 1036 723 1094 amicis
729 1063 737 1107 i

142 1139 204 1196 Cur
216 1159 264 1196 me
274 1139 384 1196 funesto
396 1148 545 1215 properent
559 1157 652 1196 arcere
664 1151 787 1197 veterno.

143 1243 220 1298 Quae
232 1261 352 1300 nocuere
360 1242 459 1317 sequar
463 1227 475 1311 3⁴
487 1242 607 1318 fugiam,
621 1262 684 1317 quae
695 1242 806 1318 profore
815 1244 944 1300 credam:

142 1348 243 1404 Rornae
255 1347 346 1404 Tibur
359 1365 453 1404 amem
466 1345 605 1415 ventosus,
618 1346 725 1404 Tibure
739 1347 870 1404 Romam.

142 1450 206 1506 Post
218 1449 288 1519 haec,
301 1459 333 1506 ut
346 1449 452 1519 valeat;
474 1467 531 1524 quo
543 1449 626 1524 patio
638 1467 699 1504 rem
713 1458 801 1523 gerat,
815 1459 844 1504 et
857 1449 900 1518 se,

141 1553 187 1610 Ut
199 1552 310 1628 placeat
322 1550 434 1628 Juveni,
448 1563 621 1626 percontare,
635 1559 724 1626 utque
737 1551 856 1612 cohorti,

142 1657 171 1713 Si
185 1656 270 1722 dicct,
284 1655 379 1723 uene,
399 1653 525 1729 primum
544 1653 666 1730 gaudere
672 1678 680 1723 3
703 1651 823 1710 subinde

142 1761 318 1833 Praeceptum
332 1755 464 1814 auriculis
474 1756 528 1814 hoc
541 1755 674 1814 instillare
687 1765 848 1816 memento:

95 1889 98 1894 Δ
143 1863 187 1919 Ut
201 1871 234 1928 tu
246 1861 400 1931 fortunam,
417 1858 453 1917 fic
467 1878 517 1918 nos
531 1867 568 1928 te,
583 1859 672 1929 Celse,
686 1858 818 1918 feremus.

331 2209 334 2217 1
369 2129 618 2208 ammona
657 2127 708 2185 ur.

342 2305 384 2344 no
406 2279 574 2344 ceruorum
597 2305 757 2344 nunonem„

146 2478 324 2546 Summus,
338 2475 451 2546 Claudi,
464 2474 601 2534 nimirum
614 2473 749 2551 intelligit
763 2494 835 2534 unus

145 2578 258 2636 Quanti
271 2598 318 2635 me
330 2578 429 2636 facias:
453 2595 532 2648 narn,
545 2595 611 2634 cum
624 2587 714 2653 rogat,
729 2587 758 2634 et
770 2597 852 2654 prece
865 2579 947 2655 cogit

145 2682 268 2750 Scilicet,
282 2690 316 2738 ut
330 2680 382 2738 tibi
396 2681 424 2738 se
436 2681 551 2738 laudare
563 2689 593 2736 et
606 2682 714 2738 tradere
727 2700 820 2752 coner,

145 2785 277 2864 Dignum
288 2794 386 2842 mente
396 2785 537 2860 domoque
549 2782 669 2858 legentis
682 2783 795 2840 honesta
805 2783 947 2854 Neronis;

145 2890 270 2946 Munere
283 2907 349 2944 cum
363 2886 447 2962 fungi
459 2884 595 2961 propioris
605 2885 698 2942 censet
709 2884 793 2942 amici
800 2910 808 2954 ;

145 2990 227 3050 Quid
240 2989 341 3065 poffim
352 2989 430 3046 videt
444 3007 476 3044 ac
490 2987 570 3044 novit
582 3005 629 3044 mc
641 2985 750 3044 valdius
761 2986 831 3062 ipso.
870 2975 873 2982 ¹

142 3093 240 3162 Multa
253 3092 370 3174 quidem
384 3091 454 3164 dixi,
468 3110 518 3150 cur
527 3091 674 3152 excusatus
687 3089 810 3151 abirem:
