2242 3680
416 247 519 312 tio.
545 247 586 305 11.
623 246 673 306 vu.
907 249 951 314 77,

147 369 253 428 Tinsta
264 369 346 448 super
361 371 446 430 leutos
459 374 591 430 canderet
603 372 683 430 vestis
697 373 827 441 eburnos,

147 473 302 548 Multaque
316 475 351 530 de
360 474 465 550 magns
478 475 647 550 superessent
660 474 765 532 fercula
776 473 866 545 coeni,

150 576 227 633 Ouae
240 577 338 651 procul
351 577 494 634 exstmffls
511 576 621 634 inerant
634 577 760 634 hesterna
773 577 904 634 canistris.

148 677 234 754 Ergo,
248 678 297 735 ubi
311 679 449 754 purpurei
462 680 622 754 porrestum
634 679 665 736 in
678 680 751 736 veste
764 679 867 736 locavit

147 781 308 856 Agrestem,
322 781 410 838 veluti
424 781 591 851 succinitus,
609 781 723 838 curfitat
736 781 846 856 hospes,

148 882 363 958 Continuatque
376 884 475 958 dapes,
498 902 549 940 nec
563 867 621 942 non
633 883 776 940 verniliter
788 884 852 960 ips1s
934 964 936 969 J

51 1043 54 1046 .
147 985 289 1062 Fungitur
302 985 410 1054 officiis,
429 985 577 1061 praelibans
590 1005 675 1042 omne
688 986 866 1061 quoduffert.

146 1089 201 1144 Ille
214 1089 320 1146 cubans
333 1089 438 1164 gaudet
451 1089 561 1145 mutati
574 1088 655 1158 sorte,
669 1089 805 1165 bonisque

148 1191 243 1248 Rebus
251 1190 317 1266 ogit
328 1191 426 1247 laetum
439 1190 586 1248 convivam
592 1217 601 1261 5
623 1211 689 1248 cum
702 1192 795 1250 subito
805 1193 905 1271 ingens

147 1293 303 1350 Valvarum
317 1280 444 1368 strepitus
457 1292 534 1350 lestis
548 1293 665 1350 excuffit
678 1303 839 1370 utrumque.
905 1325 907 1330 ·

148 1396 268 1452 Currere
281 1414 330 1470 per
344 1404 437 1451 totum
449 1393 543 1470 pavidi
557 1395 689 1451 conclave
694 1420 702 1464 5
724 1396 870 1473 magisque

146 1497 300 1554 Exanimes
313 1496 463 1574 trepidare,
480 1497 562 1553 simul
576 1497 676 1553 domus
689 1497 745 1572 olto
758 1497 884 1558 Moloffis
985 1485 988 1496 ¹

146 1601 292 1658 Personuit
305 1601 430 1658 canibus.
454 1600 532 1656 Tum
545 1598 676 1656 rusticus:
700 1599 786 1658 Haud
799 1601 870 1658 mihi
884 1604 947 1666 vito.

146 1704 194 1761 Est
205 1723 275 1781 opus
286 1704 348 1774 hoc,
362 1704 419 1773 ait,
439 1711 468 1784 ot
482 1702 587 1758 valeas:
609 1720 656 1758 me
669 1701 745 1773 filva,
759 1721 899 1782 cavosque

145 1807 238 1864 Tutus
252 1809 289 1864 ab
301 1805 416 1875 infidiis,
432 1803 512 1862 tenui
525 1803 660 1861 solabitur
672 1823 746 1862 ervo.

397 2142 591 2201 SATIRA
621 2141 690 2201 VII.

145 2337 327 2416 Juunuoum
342 2339 483 2410 ausculto,
505 2347 543 2407 et,
557 2337 672 2414 cupiens
686 2334 738 2392 tibi
749 2333 841 2391 dicere
848 2333 946 2392 servus

145 2444 246 2512 Pauca,
259 2441 430 2499 reformido·
446 2442 595 2510 Davusne?
617 2441 671 2508 Ita,
685 2437 781 2494 Davus
786 2419 805 2507 5*
817 2437 944 2496 amicum
1045 2457 1049 2466 ·

144 2543 326 2619 Mancipium
335 2543 460 2613 domine,
469 2552 498 2600 et
506 2541 592 2618 frugi,
602 2541 678 2616 quod
689 2539 723 2596 sit
734 2539 798 2597 satis
804 2565 812 2610 3
828 2539 882 2596 hoc
892 2540 940 2610 est,

145 2647 189 2704 Ut
202 2647 288 2704 vitale
297 2657 387 2723 putes,
428 2648 502 2722 Age,
516 2644 646 2702 libertate
657 2641 818 2712 Decembri,

146 2749 272 2807 Quando
286 2749 326 2806 ita
339 2747 457 2823 majores
470 2747 628 2816 voluerunt,
643 2755 735 2814 utere3
759 2762 851 2802 narra.

144 2854 209 2910 Pars
222 2851 372 2909 hominum
384 2849 459 2908 vitiis
471 2850 576 2926 gaudet
588 2847 754 2916 constanter,
769 2854 797 2902 et
810 2853 913 2920 urguet

145 2955 320 3030 Propos1tum
329 2979 336 3024 ;
358 2972 421 3032 pars
437 2952 528 3009 multa
542 2959 630 3020 natat,
651 2949 736 3006 modo
754 2946 829 3004 resta
845 2946 939 3022 capes-

221 3057 291 3127 fens,

145 3161 295 3221 Interdum
307 3157 398 3235 pravis
408 3155 545 3215 obnoxia:
567 3154 639 3231 saepe
653 3160 765 3210 notatus
774 3205 786 3225 Ι,
