2238 3686
383 225 560 277 nornen
586 225 772 296 nnnnnn

300 487 334 526 m
349 487 565 530 Errstotnnvtt
580 488 702 528 LIBRUM
722 485 857 526 PRIMUM.

213 658 232 705 1.
251 669 271 717 5.
288 673 311 720 p·
324 655 364 716 87.
395 658 544 718 Interrogandi
556 667 631 705 notam
641 657 714 704 visum
724 658 754 704 est
764 657 897 719 postponere,
916 652 980 716 quasi

180 743 273 793 comiter
287 743 428 807 objurgantis,
444 747 478 794 vel
489 744 566 793 leniter
576 747 697 809 querentis:
715 743 780 804 uadi,
791 760 841 792 meo
851 740 927 790 saltem
936 741 979 804 ju-

180 834 244 893 dicio,
260 835 293 881 vis
303 845 325 882 et
335 835 434 882 venustas
446 835 544 882 accrescit
553 835 609 882 loco.

211 925 264 971 Ver.
274 921 314 984 46.
331 941 352 986 p.
364 923 403 986 89.
434 922 566 971 Accuratiris
585 923 718 986 interpunxit
750 923 812 970 Ordo
825 922 876 980 loci,
893 921 931 984 qui
941 920 978 966 ln-

179 1012 223 1059 tuit
233 1012 332 1071 editores,
348 1013 384 1059 hic
394 1013 438 1060 eii:
464 1016 481 1043 ‘⁴
491 1013 620 1074 Pauperiem
635 1011 726 1073 fugiens,
742 1012 811 1058 curris
826 1019 933 1058 mercator
947 1009 977 1056 ad

181 1105 198 1131 “
208 1103 282 1161 Indos,
298 1116 336 1164 per
350 1117 418 1158 mare,
435 1115 472 1163 per
482 1102 539 1158 saxa,
555 1117 592 1165 per
603 1101 686 1162 ignee?

214 1193 267 1239 Ver.
281 1203 317 1253 55.
350 1192 482 1238 ‘Producetr
495 1191 672 1239 111163-Αᾶἁίἀί
683 1191 731 1238 ‘et’
743 1191 770 1238 ad
781 1200 878 1237 mentem
892 1187 979 1236 Mark-.

180 1282 253 1328 landi:
272 1297 324 1329 narn
341 1282 422 1342 versus,
442 1283 480 1345 qui
497 1281 601 1344 sequitur,
618 1279 732 1328 manifesta
748 1281 779 1328 est
795 1279 921 1343 periphrasis
935 1293 975 1341 pro
1041 1313 1042 1316 η

181 1375 189 1401 ‘
200 1370 279 1432 pueri!

212 1459 246 1505 11.
268 1469 306 1517 17.
328 1473 349 1520 p.
362 1471 401 1520 92.
441 1458 530 1516 ‘Utile
547 1458 791 1520 proposuit.’—Novam
805 1457 973 1512 distinctionem,

178 1557 209 1604 et,
225 1545 250 1594 ni
260 1545 367 1604 fallimur,
382 1561 458 1592 veram
468 1546 651 1606 excogitavimus5
669 1545 727 1593 unde
737 1546 871 1602 numerosior
887 1561 911 1592 ac
924 1545 973 1607 pui-

180 1635 252 1682 chrior
262 1635 355 1681 decurrit
366 1633 436 1682 locus.
470 1633 505 1680 Sic
515 1634 576 1696 epist.
587 1635 611 1685 ii.
630 1649 651 1682 1.
669 1633 723 1695 165.

244 1751 252 1778 ‘
263 1747 334 1814 Qid’
347 1745 469 1810 Sophocles,
485 1756 507 1793 et
517 1747 616 1809 Thespis,
627 1757 650 1794 et
660 1747 779 1810 AEschyius
789 1751 797 1776 ‘
807 1747 875 1794 utile’
887 1745 972 1794 ferrent

181 1863 211 1910 Et
220 1859 311 1919 Persius,
328 1859 362 1906 iii.
381 1872 422 1918 70.

245 1977 601 1996 ..............
617 1952 626 1979 ‘
636 1949 701 2011 quid’
714 1949 774 2011 asper

245 2043 253 2070 ‘
263 2037 339 2084 Utilc'
351 2051 458 2084 nummus
468 2037 541 2084 habet.

214 2153 266 2198 Ver.
277 2163 316 2214 45.
333 2166 356 2212 p·
366 2163 404 2212 93.
422 2152 430 2178 ‘
441 2145 640 2197 Placantur.’-Itir
651 2149 733 2212 reposui
743 2165 770 2198 ex
780 2148 914 2213 conjectura,
924 2161 972 2198 tur·

181 2240 266 2303 pissimo
283 2253 355 2286 errore
365 2238 455 2285 sublato.
488 2240 596 2285 ‘Pacatus
605 2239 666 2299 ager'
677 2239 707 2286 est
717 2243 725 2268 ⁴
734 2254 784 2300 ager
794 2239 838 2287 sine
849 2240 908 2288 hoste
916 2241 932 2287 :'
948 2250 973 2288 ut

182 2328 287 2376 Hercules
307 2330 315 2357 ‘
325 2326 420 2390 pacavit’
432 2327 564 2389 Erymanthi
574 2327 691 2385 ‘nemun’
708 2342 761 2374 nam
771 2344 816 2374 non
825 2345 879 2391 opus
895 2329 926 2376 est
936 2345 974 2376 ex·

181 2417 260 2482 emplis
270 2416 294 2464 in
304 2413 362 2462 certi
373 2431 403 2462 re.
424 2413 507 2462 Confer
518 2415 561 2461 Od.
572 2415 588 2460 i.
602 2413 638 2462 18.
652 2431 675 2463 2.
693 2407 763 2477 Epist.
776 2417 802 2464 ii.
814 2431 839 2464 2.
855 2415 908 2464 186.
923 2418 974 2468 Pas-

183 2507 224 2562 sim
234 2503 286 2552 verb
295 2504 374 2559 ¹co'e'unt
385 2508 393 2534 ‘
404 2503 476 2550 mitis'
488 2513 509 2551 et
518 2507 526 2534 ‘
536 2502 646 2566 placitus!
671 2503 729 2551 Vide
738 2521 777 2552 nos
786 2505 813 2551 ad
823 2507 899 2568 Eun'p.
909 2505 973 2554 Herc.

183 2595 226 2644 fur.
237 2611 274 2641 vv.
290 2607 329 2640 20.
345 2606 402 2652 400.

216 2688 270 2733 Ver.
283 2696 323 2746 52·
345 2687 353 2713 ‘
363 2684 396 2730 Ut
406 2682 623 2748 lippum.'-Plaudo
633 2681 733 2746 equidem
745 2685 835 2733 Buherii
845 2685 973 2748 conjectura

184 2777 211 2823 ad
227 2775 320 2822 Anthol.
337 2773 412 2820 Latin.
433 2773 563 2832 Burmanni,
580 2774 603 2820 ii.
619 2789 640 2836 p.
651 2775 682 2834 48
685 2789 707 2836 5,
724 2777 851 2839 propositae:
869 2793 922 2824 narn
933 2779 972 2825 loci

185 2867 259 2927 scopus
270 2860 341 2926 aperte
352 2862 434 2924 flagitat
443 2861 525 2924 aliquid
534 2861 633 2925 proferri,
649 2864 706 2926 quod
719 2875 808 2925 gratum
823 2867 873 2914 eiiet
884 2868 919 2914 vei
929 2883 972 2914 non

186 2953 309 3015 podagroso.
657 2946 658 2952 ἵ
684 2994 688 3003 .

207 3045 273 3091 vlt.
288 3056 328 3102 40.
348 3059 369 3105 p.
382 3055 438 3089 roa.
470 3035 970 3110 RationibusMarklarrdi,ep‘tii.crit.p.134,

186 3130 292 3187 devicius,
308 3129 355 3176 dedi
366 3134 373 3160 ‘
383 3129 480 3191 sapientis
487 3129 503 3174 ι’
519 3145 583 3191 quem
594 3131 662 3178 lector
672 3132 739 3178 adeat.
