2242 3680
429 223 521 280 LIB.
547 219 586 280 II.
625 223 674 280 tii.
708 237 711 244 ·
908 223 948 288 79
1045 177 1050 186 ¹

148 339 270 400 Milvius
282 351 312 400 et
325 344 435 417 scurrae,
449 348 502 406 tibi
515 368 573 406 non
584 349 729 406 reserenda
742 346 856 423 precati,

147 445 316 502 Discedunt.
357 449 472 506 Etenim
485 451 576 508 fateor
586 469 642 520 me,
655 449 759 508 dixerit
771 449 829 519 ille,

149 549 227 606 Duci
239 560 338 608 ventre
350 551 458 623 levem5
480 552 580 610 nasum
593 552 691 610 nidore
701 551 827 629 supinum

148 652 322 723 Imbecillus,
332 653 419 724 iners;
442 654 608 730 s1quidvis‚
622 655 702 725 adde,
710 653 830 730 ‹popino

148 755 206 822 Tu,
221 773 287 811 cum
301 755 334 812 fis
348 758 424 831 quod
437 775 500 832 ego,
518 766 547 814 et
560 756 679 813 fortassis
692 755 818 831 nequior,
832 755 906 813 ultro

148 859 164 914 Ι
167 857 299 925 medere,
311 859 389 915 velut
399 859 515 916 melior?
536 858 683 934 verbisque
696 858 802 916 decoris

149 959 292 1044 Obvolvas
303 960 423 1018 vitium?
446 960 536 1030 Quid,
551 961 571 1018 s1
582 981 630 1018 rne
642 959 750 1018 stultior
760 960 829 1036 ipso,

150 1061 326 1138 Quingentis
339 1074 417 1120 emto
430 1062 580 1133 drachmis,
594 1061 787 1138 deprenderis?
809 1064 889 1120 aufer

150 1165 203 1220 Me
216 1165 298 1222 vultu
312 1175 428 1235 terrere,
450 1184 568 1224 manum
579 1165 809 1240 stomachumque
821 1175 926 1237 teneto,

149 1267 239 1336 Dum,
260 1285 324 1342 quae
337 1266 460 1344 Crispini
473 1267 571 1324 docuit
583 1286 630 1324 me
640 1266 753 1344 janitor,
768 1269 830 1325 edo.

148 1369 193 1425 Te
206 1367 311 1443 conjux
323 1369 414 1426 aliena
426 1368 512 1444 capit,
526 1368 704 1426 meretricula
717 1369 847 1426 Davum:

150 1472 252 1528 Peccat
263 1483 327 1528 uter
340 1471 465 1528 nostrdm
478 1490 561 1528 cruce
571 1470 700 1546 dignius?
723 1469 805 1526 Acris
817 1471 867 1527 ubi
880 1491 927 1530 me

148 1573 263 1630 Natura
276 1572 414 1643 incendit,
427 1573 478 1630 sub
491 1573 565 1630 clarb
579 1573 655 1630 nuda
668 1572 782 1630 lucerna

150 1676 341 1750 Quaecunque
353 1675 465 1750 excepit
478 1674 619 1751 turgentis
631 1676 745 1732 verbera
758 1676 855 1732 caudae

150 1777 300 1848 Clunibus,
316 1789 365 1836 aut
378 1778 494 1855 agitavit
506 1797 612 1854 equum
625 1779 727 1836 lasciva
740 1779 883 1856 supinum,

152 1881 283 1938 Dimittit
297 1900 388 1956 neque
401 1880 551 1950 famosum,
566 1900 658 1956 neque
669 1881 820 1952 solicitum,
834 1901 870 1940 ne

150 1983 255 2054 Ditior,
269 1995 318 2042 aut
332 1985 430 2042 forme
445 1981 568 2042 melioris
581 1983 668 2044 meiat
681 1985 791 2042 eodem.

123 2083 126 2088 ’
150 2089 206 2158 Tu,
221 2105 287 2143 cum
301 2085 428 2162 projectis
441 2086 607 2163 insignibus,
625 2087 731 2143 annulo
743 2088 870 2161 equestri,

154 2191 339 2265 Romanoque
352 2189 461 2259 babitu,
476 2188 569 2264 prodis
581 2209 617 2246 ex
626 2187 722 2264 judice
736 2190 828 2248 Darna

153 2293 267 2369 Turpn,
282 2293 431 2362 odoratum
442 2301 527 2366 caput
540 2291 706 2348 obscurante
719 2291 839 2362 lacernd,

154 2376 185 2452 N
187 2415 224 2454 on
236 2413 265 2452 es
279 2396 355 2470 quod
366 2393 493 2454 fimulas?
516 2394 649 2452 Metuens
662 2393 811 2463 induceris,
825 2403 910 2470 atque

153 2500 321 2556 Altercante
334 2496 498 2554 libidinibus
513 2495 608 2553 tremis
620 2495 677 2552 offa
688 2514 800 2570 pavore.

153 2601 234 2658 Quid
247 2601 342 2670 refert,
356 2598 400 2656 uri
414 2598 509 2674 virgis,
525 2598 655 2671 ferroque
668 2598 761 2665 necari

152 2703 328 2760 Auctoratus
341 2721 399 2770 eas,
422 2719 467 2770 an,
483 2699 558 2775 turpi
571 2699 679 2756 clausus
691 2699 723 2755 in
736 2702 808 2769 arcii,

155 2808 224 2863 Ouo
239 2815 267 2862 te
280 2803 392 2862 demifit
405 2801 512 2878 peccati
525 2800 635 2858 conscia
649 2801 757 2876 herilisv

153 2908 350 2977 eontrarium,
366 2905 484 2982 genibus
496 2914 595 2980 tangas
608 2905 710 2979 caput?
731 2903 815 2960 Estne
827 2905 945 2978 marito¹

155 3012 298 3068 Matronae
312 3009 453 3085 peccantis
466 3007 497 3064 in
509 3008 593 3064 ambo
602 3004 675 3080 justa
687 3005 821 3080 potestas?
888 2991 890 2996 ¹

154 3115 189 3170 In
203 3121 396 3188 corruptorem
410 3110 454 3168 vel
463 3108 575 3185 justior:
598 3106 647 3164 itta
660 3103 796 3164 tamense
