2242 3680
179 285 182 296 ,
219 231 258 282 so
462 225 776 296 snuMONUM,

218 350 277 408 Hic
288 359 384 412 tamen
393 355 429 412 ad
439 355 541 412 melius
548 355 652 431 poterit
663 354 850 412 transcurrere
861 352 1021 427 quondam,

218 452 282 511 Sive
294 454 371 512 diem
383 455 485 514 festum
499 457 607 516 rediens
621 456 771 514 adduxerit
782 474 882 526 annus,

218 556 273 612 Seu
286 575 409 616 recreare
423 560 498 616 volet
512 569 661 622 tenuatum
674 578 773 634 corpus
780 583 787 628 3
809 557 917 634 ubique

216 659 364 717 Accedent
377 661 452 730 anm,
468 672 498 718 et
512 662 623 720 trasiari
637 661 750 720 mollius
763 669 831 718 aetas

216 762 363 821 Imbecilla
376 765 466 821 volet:
490 763 542 821 tibi
555 764 692 839 quidnam
707 765 821 820 accedet
837 763 874 820 ad
887 762 979 832 istam,

217 865 324 935 Quam,
339 885 410 941 puer
421 876 451 922 et
464 867 581 937 validus,
596 866 740 943 praesumis
753 848 915 933 mollitiem,
930 865 979 922 seu

214 967 296 1024 Dura
308 969 440 1027 valetudo
454 969 595 1039 inciderit,
609 969 657 1026 sen
672 970 750 1026 tarda
763 968 907 1026 senebbus?

215 1069 376 1128 Rancidnm
386 1090 487 1146 aprum
498 1070 608 1146 antiqui
616 1072 780 1139 laudabant;
790 1089 848 1128 nou
859 1070 926 1146 quia
935 1070 1018 1128 nasus

214 1173 275 1230 Illis
286 1173 381 1230 nullus
389 1184 459 1242 erat,
473 1173 531 1243 sed,
545 1174 638 1242 credo,
649 1173 703 1230 haic
711 1183 817 1242 mente,
829 1173 907 1248 quod
918 1172 1019 1248 hospes

214 1277 335 1334 Tardius
349 1277 499 1335 adveniens
515 1277 648 1334 vitiatum
661 1275 847 1346 commodius,
862 1295 950 1352 qnam

214 1382 364 1457 Integrum
378 1383 450 1440 edax
464 1380 595 1438 dominus
611 1378 795 1436 consumeret.
829 1379 891 1436 Hos
903 1378 1018 1436 utinam

291 1484 366 1542 inter

216 1589 325 1646 Heroas
337 1599 438 1648 natum
448 1590 532 1646 tellus
545 1608 592 1646 me
604 1587 695 1665 prima
709 1587 826 1646 tulisset!

212 1690 272 1746 Das
286 1691 394 1765 aliquid
407 1693 501 1761 famae,
523 1710 586 1767 quas
600 1690 725 1748 carmine
738 1689 844 1767 gratior
857 1709 956 1748 aurem

213 1792 346 1868 Occupat
359 1794 531 1850 humanam?
555 1794 673 1869 grandes
686 1792 799 1850 rhombi
812 1792 975 1868 patinaeque

212 1895 327 1952 Grande
341 1896 436 1952 serunt
449 1915 506 1954 una
520 1915 588 1952 eum
601 1896 706 1952 damno
719 1896 854 1954 dedecus:
877 1897 949 1954 adde

210 1998 321 2055 Iratum
333 2007 477 2073 patruum,
491 1997 606 2067 vicium,
624 2008 652 2055 te
666 1998 718 2054 tibi
732 1997 873 2073 iniquum,

211 2101 249 2157 Et
262 2101 361 2157 srustra
375 2100 474 2158 mortis
487 2100 634 2176 cupidum,
648 2119 715 2158 cum
728 2099 817 2158 deerit
830 2101 928 2177 egenti

209 2204 261 2273 As,
275 2203 369 2278 laquei
382 2204 514 2278 pretium.
547 2204 625 2280 Jure‚
640 2201 959 2277 inquit‚Traus1nsistis

210 2307 346 2382 Jurgatur
359 2305 463 2362 verbis:
486 2325 540 2382 ego
554 2304 702 2381 vestigalia
715 2324 828 2381 magna,

209 2408 386 2484 Divitiasque
399 2409 490 2465 habeo
507 2407 595 2464 tribus
608 2407 714 2483 amplas
727 2408 849 2484 regibus.
882 2410 969 2486 Ergo,

210 2511 299 2568 Quod
309 2513 429 2586 superat,
445 2531 502 2568 non
515 2511 554 2568 est
567 2511 668 2568 melius
681 2531 738 2587 quo
750 2511 891 2570 insumere
907 2515 1008 2589 poffis?
1109 2533 1110 2536 ¹

209 2614 269 2670 Cur
281 2625 347 2690 eget
360 2613 494 2690 indignus
507 2613 666 2689 quisquam,
688 2623 717 2670 te
730 2614 834 2672 divite?
851 2617 950 2674 Quare

207 2717 329 2792 Templa
342 2725 428 2773 ruunt
441 2716 558 2791 antiqua
572 2717 674 2772 desim?
702 2717 770 2786 Cur,
785 2717 921 2793 improbe,
935 2740 1009 2778 came

208 2822 279 2878 Non
292 2820 400 2895 aliquid
413 2820 511 2895 patriae
525 2829 605 2876 tanto
619 2819 742 2877 emetiris
756 2825 871 2878 acervo?

205 2925 269 2982 Uni
283 2923 418 2980 nimirum
432 2922 485 2978 tibi
497 2923 573 2980 resse
585 2922 695 2998 semper
707 2933 776 2980 eunt
787 2942 838 2982 res.

207 3026 236 3083 Ο
250 3046 369 3103 maguus
382 3024 496 3101 posthac
507 3023 629 3082 inimicis
645 3024 726 3082 risus!
750 3026 858 3083 Uterne

206 3128 255 3184 Ad
268 3129 345 3186 casus
358 3128 457 3186 dubios
471 3127 540 3185 sidet
554 3126 605 3184 fibi
618 3128 738 3184 certius?
760 3128 816 3198 hie,
831 3131 880 3202 qui
