2238 3686
187 218 244 274 152
365 211 425 270 DE
444 213 566 272 ARTE
586 211 797 272 POETICA.

184 341 249 398 Aut
258 337 369 396 flumen
383 339 525 409 Rhenum,
538 349 588 398 aut
600 340 712 417 pluvius
719 336 887 397 describitur
897 355 979 394 arcus.

186 439 241 499 Sed
255 460 331 498 nunc
345 460 402 498 non
418 454 477 500 erat
490 442 533 512 his
545 443 636 522 locus,
662 452 691 500 et
705 441 816 514 sortasse
827 439 981 517 cupressum

186 543 246 601 Scis
260 543 406 602 simulare:
429 545 572 621 quidhoc,
586 546 606 602 ti
620 545 714 604 frattis
727 551 823 603 enatat
835 544 933 620 exspes

185 647 325 724 Navibus,
339 666 393 704 aere
406 649 472 704 dato
485 648 535 722 qui
548 647 693 724 pingitur?
715 647 852 722 amphora
863 645 949 726 poepit

166 769 169 774 ·
187 737 313 820 institui,
336 759 465 806 currente
477 750 537 807 rota
551 769 602 806 cur
615 769 713 807 urceus
724 749 800 806 exit?
924 737 934 744 ⁵

186 851 320 928 Denique
333 852 367 909 s1t
381 852 491 927 quidvis
506 853 623 928 simplex
638 853 785 921 duntaxat,
800 860 830 908 et
842 871 943 908 unum.

185 954 316 1012 Maxima
330 973 393 1029 pars
408 963 516 1025 vatum,
530 963 619 1030 pater,
634 963 662 1011 et
672 953 790 1030 juvenes
802 963 883 1030 patre
898 953 989 1030 digni,

185 1055 354 1132 Decipimur
366 1056 457 1132 specie
469 1055 551 1114 recti:
574 1055 664 1114 brevis
678 1057 732 1117 effe
744 1057 850 1126 laboro,

186 1159 330 1218 Obscurus
344 1159 397 1229 fio,
419 1159 572 1216 sanantem
585 1159 659 1216 lenia
674 1159 753 1217 nervi

188 1263 346 1334 Deficiunt,
361 1262 522 1338 animique,
544 1263 679 1338 profeffus
693 1262 810 1340 grandia
825 1272 936 1340 turget;

190 1366 284 1444 Serpit
297 1366 378 1429 humi
391 1375 469 1424 tutus
484 1365 614 1435 nimium,
629 1365 801 1441 timidusque
814 1367 962 1442 procellae5
985 1357 990 1364 ’

190 1469 252 1527 (aui
266 1469 372 1528 variare
386 1467 464 1544 cupit
476 1487 537 1525 rem
550 1467 743 1544 prodigialiter
754 1487 852 1538 uuam,

188 1572 366 1648 Delphinum
378 1571 450 1629 silvis
463 1569 602 1648 appingit,
616 1571 749 1628 fluctibus
760 1590 878 1647 aprum:

187 1676 223 1733 In
236 1675 339 1734 vitium
352 1676 431 1734 ducit
444 1676 534 1752 culpae
546 1676 625 1752 suga,
640 1676 661 1734 fi
675 1684 751 1734 caret
763 1683 831 1733 arte.

191 1778 346 1851 AEmilium
360 1777 433 1836 circa
447 1779 547 1836 ludum
561 1779 640 1838 faber
652 1797 725 1835 unus
737 1787 767 1835 et
778 1797 888 1855 ungues

189 1881 346 1958 Exprimet‚
361 1891 390 1938 et
403 1881 501 1938 molles
513 1880 672 1939 imitabitur
685 1900 739 1939 aere
752 1879 881 1957 capillos:
990 1923 996 1936 ,

188 1984 295 2042 Infelix
307 1983 407 2060 operis,
420 1983 531 2042 summa
537 2008 545 2054 i
567 1983 634 2058 quia
645 2003 750 2060 ponere
763 1992 858 2042 totum

188 2087 318 2152 Nesciet:
341 2087 417 2144 hunc
428 2105 483 2162 ego
493 2104 549 2156 me,
564 2085 585 2144 fi
598 2085 668 2161 quid
678 2105 848 2162 componere
860 2105 968 2157 curem,

189 2189 259 2246 Non
269 2189 359 2264 magis
372 2188 427 2245 esse
439 2188 534 2258 velim,
548 2207 634 2262 quarn
647 2188 715 2246 naso
726 2187 820 2252 uivere
831 2208 928 2266 pravo,

190 2292 378 2367 Spettandum
391 2290 480 2368 nigris
493 2291 580 2348 oculis
594 2290 733 2368 nigroque
745 2290 855 2367 capillo.

189 2394 298 2462 Sumite
311 2393 458 2452 materiam
472 2392 574 2462 vestris,
591 2393 641 2468 qui
655 2393 783 2464 scribitis,
796 2413 910 2469 aequam

188 2495 304 2553 Viribus
309 2521 317 2566 ;
339 2505 368 2553 et
380 2496 487 2554 versate
500 2495 558 2565 diu,
573 2493 642 2572 quid
655 2496 728 2554 serre
739 2497 879 2567 recusent,

190 2597 271 2656 Quid
284 2599 395 2656 valeant
408 2598 533 2658 humeri:
555 2597 602 2655 cui
612 2597 683 2655 lecta
696 2606 827 2674 potenter
838 2599 892 2657 erit
904 2619 959 2673 ree,
991 2659 994 2664 ,

189 2703 254 2760 Nec
266 2701 398 2760 facundia
412 2701 519 2759 deseret
531 2700 617 2770 bunc,
632 2719 684 2758 nec
696 2699 806 2759 lucidus
818 2703 897 2761 ordo.
990 2758 995 2768 ,

190 2804 308 2872 Ordinis
321 2805 381 2862 haee
394 2802 481 2860 virtus
495 2802 557 2874 erit,
570 2814 601 2860 et
613 2822 709 2872 venus,
724 2813 773 2860 aut
786 2823 840 2880 ego
852 2806 946 2880 fallor,

189 2909 233 2964 Ut
240 2905 301 2983 jam
314 2925 390 2964 nunc
401 2905 485 2974 dicat,
494 2904 556 2981 jarn
566 2925 643 2965 nunc
656 2905 787 2964 debentia
800 2906 856 2964 dici

189 3009 324 3083 Pleraque
337 3008 456 3077 differat,
470 3017 498 3064 et
512 3007 630 3084 praesens
643 3007 673 3065 in
687 3017 798 3084 tempus
812 3011 940 3082 omittat,
995 3027 997 3031 ·

188 3111 224 3176 In
236 3110 327 3197 perbis
337 3109 424 3168 ctiam
437 3109 529 3168 tenuis
542 3118 696 3186 cautusque
708 3111 842 3184 serendis,
