2242 3680
328 301 331 306 -
384 259 477 320 ΗΒ,
502 263 527 321 1.
566 261 606 318 ix.
843 251 891 326 Ι37

87 383 121 442 Et
132 385 293 460 praecedere
306 387 400 463 coepit.
446 391 517 465 Ego,
531 399 564 446 ut
578 388 750 446 contendere·
761 387 864 443 durum

89 489 163 544 (lum
176 488 291 558 vidore,
306 489 413 564 sequor.
447 492 590 548 Maecenas
604 489 746 565 quomodo
759 489 871 544 tecum?
936 525 939 532 ·

91 588 168 646 Hinc
181 591 294 665 repetit.
334 593 491 650 Paucorum
506 592 665 662 hominum,
685 600 715 648 et
728 589 831 648 mentis
845 591 893 646 be-

168 709 204 748 ne
217 692 307 749 sanae:
752 763 757 772 Ι

91 793 186 850 Nemo
200 793 344 851 dexterius
356 795 470 854 sortunl
484 798 523 854 est
536 798 609 854 usus.
649 799 775 854 Haberes
824 841 826 848 ,

90 895 233 971 Magnum
246 895 412 972 adjutorem,
426 879 515 974 posset
530 899 579 974 qui
592 900 664 956 ferre
677 899 820 966 secundas,

81 998 176 1054 Hunc
189 997 336 1056 hominem
350 1001 470 1057 vellesfi
484 1001 606 1058 tradere:
629 1001 796 1076 dispeream,
811 998 840 1056 ni

88 1099 259 1158 Summdffes
277 1121 385 1159 omnes.
425 1103 495 1160 Non
509 1103 559 1160 isto
573 1103 678 1160 vivitur
689 1103 756 1172 illic,

90 1204 159 1260 Quo
174 1211 207 1260 tu
220 1222 280 1260 rere
299 1205 399 1260 modo:
423 1206 523 1261 domus
536 1205 589 1262 hac
603 1226 656 1262 nec
668 1205 764 1281 purior
777 1204 834 1261 ulla
848 1204 895 1272 est,

90 1307 155 1362 Nec
168 1307 261 1382 magis
275 1306 319 1362 his
330 1305 421 1364 aliena
432 1307 521 1368 malis¹
543 1308 596 1364 Nil
608 1309 649 1364 ml
660 1307 759 1375 officit,
770 1307 897 1381 inquam,

88 1407 186 1465 Ditior
199 1407 256 1477 hic,
272 1416 322 1464 aut
333 1409 450 1484 est'quia
464 1409 584 1466 doctior:
608 1411 648 1466 est
659 1411 736 1465 locus
746 1409 811 1464 uni-

91 1511 205 1586 Cuique
219 1510 294 1567 suus.
327 1511 472 1587 Magnum
482 1530 590 1568 narras:
613 1511 662 1568 vix
677 1509 817 1568 credibile.
843 1511 898 1594 At-

172 1633 222 1688 qur

96 1717 142 1774 Sic
156 1717 251 1772 habet.
293 1717 442 1786 Accendis,
458 1737 544 1792 quare
559 1717 671 1793 cupiam
684 1716 773 1793 magis
787 1715 830 1773 illi
849 1699 852 1709 ¹

92 1818 241 1876 Proximus
254 1818 318 1874 effe.
343 1819 422 1898 Velis
434 1821 645 1892 tantummodo,
666 1840 729 1895 quae
741 1830 790 1876 tua
802 1819 898 1888 virtus,

90 1920 293 1996 Expugnabis5
315 1929 344 1976 et
358 1921 406 1990 est,
420 1922 469 1995 qui
483 1921 559 1977 vinci
573 1923 670 1998 poffit3
693 1941 783 1997 eoque

91 2023 234 2080 Difficiles
253 2022 345 2079 aditus
359 2023 464 2098 primos
478 2024 572 2080 habet.
613 2025 701 2080 Haud
715 2023 786 2080 mihi
800 2013 896 2092 deerri3

92 2125 265 2184 Muneribus
279 2123 370 2180 servos
384 2144 562 2200 corrumpam
570 2149 577 2194 3
601 2145 667 2195 non,
681 2125 797 2182 hodiesr

92 2227 231 2286 Exclusus
242 2227 332 2294 suer0,
347 2227 488 2296 defistam3
510 2235 637 2302 tempora
651 2247 776 2302 quaeram
783 2251 792 2297 5

93 2332 254 2389 Occurram
266 2330 297 2386 in
309 2328 397 2386 triviis
403 2354 411 2398 3
435 2329 590 2386 deducam:
620 2330 662 2385 nil
675 2331 732 2386 fine
746 2348 853 2406 magno

89 2433 164 2492 -vita
178 2434 275 2490 labore
288 2431 366 2488 dedit
379 2431 552 2490 mortalibus.
577 2432 649 2488 Haec
661 2432 729 2488 dum
743 2433 812 2507 agit,
824 2451 897 2502 ecce,
946 2458 948 2462 ·

95 2537 202 2593 Fuscus
215 2532 336 2592 Aristius
350 2533 480 2602 occurrit,
501 2531 573 2588 mihi
587 2552 675 2602 carue,
686 2517 719 2590 ¹et
732 2533 815 2590 illum

97 2639 159 2696 Qui
172 2636 292 2714 pulchre
306 2634 408 2692 nollet:
431 2634 617 2691 confistimus:
646 2636 732 2692 Unde
745 2635 839 2692 venis?
861 2641 899 2705 et,
914 2691 916 2696 .

96 2743 165 2799 Quo
180 2739 290 2796 tendis?
312 2745 402 2812 rogat,
424 2746 452 2793 et
472 2735 627 2810 respondet.
668 2738 781 2794 Vellere
796 2737 879 2812 coepi,

92 2845 134 2908 Et
146 2841 279 2919 prensare
293 2837 544 2896 manu'lentiffima
556 2838 680 2908 brachia,
698 2849 809 2907 nutans,

97 2947 282 3018 Distorquens
296 2941 400 3010 oculos,
419 2949 453 2996 ut
466 2959 513 2996 me
526 2939 654 3014 eriperet.
695 2941 773 2996 Male
786 2939 870 2996 salsus

99 3048 206 3104 Ridens
220 3044 408 3104 dissimulare:
431 3061 528 3098 meum
537 3040 617 3116 jecur
628 3059 708 3097 urere
723 3041 794 3098 bilis.

102 3151 189 3208 Certe
202 3145 297 3205 nescio
310 3144 379 3220 quid
393 3144 498 3202 secretu
512 3143 584 3200 velle
596 3141 675 3222 loqui
688 3151 717 3200 te
