2238 3686
181 225 237 276 134
380 218 751 288 EPISTOLARUM‚

179 345 323 406 Orbilium
336 347 455 420 distare,
477 349 525 407 sed
537 351 686 408 emendata
698 345 797 416 videri,
1085 423 1086 428 ἵ

180 451 365 526 Pulchraque,
378 453 525 510 etexastis
538 453 691 510 minimum
701 447 841 517 distantia,
855 445 952 504 miror.
1085 431 1086 438 ἵ

180 555 260 611 Inter
272 573 335 629 quae
348 556 467 611 verbum
478 555 595 612 emicuit
608 557 629 611 fi
641 556 715 613 sorte
727 555 872 620 decorum,
885 559 915 607 et
1085 569 1086 634 q

181 657 211 714 Si
224 656 316 714 versus
327 657 411 731 paulo
424 657 589 714 concinnior
598 677 671 715 unus
683 667 712 714 et
726 657 805 725 alter,
820 659 824 664 ’

181 758 286 835 Injuste
299 768 393 816 toturn
407 759 485 816 ducit
498 761 653 836 venditque
666 760 777 836 po'e'ma.

183 861 322 937 Indignor
336 861 493 936 quidquam
506 862 681 937 reprehendi,
697 881 754 918 non
767 860 834 936 quia
848 858 935 915 crasse
1085 841 1086 850 ³

183 963 380 1039 Composrtum
398 963 546 1038 illepideve
558 973 682 1038 putetur,
697 962 824 1038 sed'quia
838 979 944 1036 nuper,

183 1067 247 1125 Nec
257 1066 371 1122 veniam
382 1065 513 1140 antiquis,
523 1065 570 1123 sed
581 1066 717 1123 honorem
727 1076 757 1122 et
767 1064 883 1141 praemia
894 1061 987 1139 posci.
1085 1057 1086 1092 l

185 1169 281 1237 Rede,
296 1185 392 1237 necne,
407 1187 521 1224 crocum
532 1169 671 1244 floresque
683 1167 862 1244 perambulet
875 1167 958 1223 Attae

185 1271 301 1338 Fabula,
316 1269 493 1340 fidubitem;
514 1271 639 1330 clament
647 1259 757 1348 periisse
769 1271 908 1346 pudorem
1085 1255 1086 1308 i

187 1372 292 1431 Cunsti
304 1391 377 1448 pene
389 1381 494 1448 patrem
516 1392 549 1429 ea
563 1393 629 1430 cum
642 1373 846 1450 reprehendere
859 1390 957 1440 coner,
1085 1309 1086 1404 l

187 1477 264 1532 (luae
279 1474 370 1550 gravis
380 1473 512 1550 AEsopus,
526 1495 590 1551 quae
603 1476 700 1533 <loeus
713 1475 828 1533 Roscius
841 1473 915 1551 egit:

187 1578 243 1635 Vel
256 1577 323 1653 quia
336 1576 376 1632 nil
387 1575 504 1646 redum,
519 1576 570 1634 nisi
580 1579 657 1652 quod
669 1577 776 1653 placuit
789 1576 849 1646 fibi,
860 1577 988 1645 ducunt3

189 1679 245 1737 Vel
258 1678 324 1754 quia
338 1687 419 1752 turpe
432 1687 535 1752 putant
547 1699 643 1754 parere
655 1679 820 1750 minoribus,
837 1689 876 1750 et,
891 1698 957 1754 quae

188 1781 314 1841 Imberbi
327 1779 458 1849 didicere,
472 1781 550 1838 senes
561 1783 704 1858 perdenda
716 1781 807 1840 fateri.

192 1885 258 1962 Jam
271 1882 374 1941 Saliare
387 1883 493 1938 Numae
505 1903 618 1940 carmen
631 1883 681 1959 qui
693 1884 800 1955 laudat,
813 1893 842 1941 et
855 1883 936 1954 illud,

192 1987 280 2044 Quod
292 2003 406 2042 mecum
416 1985 537 2060 ignorat,
551 1985 623 2043 solus
636 1987 699 2046 vult
712 1987 781 2044 scire
794 1985 898 2055 videri;

190 2088 317 2166 Ingeniis
331 2107 387 2144 non
406 2087 454 2144 ille
467 2088 544 2144 favet
557 2088 723 2164 plauditque
735 2088 858 2164 sepultis,

191 2192 293 2249 Nostra
305 2191 352 2248 sed
365 2189 523 2266 impugnat,
538 2209 588 2246 nos
602 2191 748 2266 nostraque
765 2190 867 2248 lividus
880 2189 950 2247 odit.

192 2294 280 2350 Quod
295 2292 315 2349 s1
328 2304 387 2350 tam
400 2291 492 2348 Graiis
505 2292 614 2348 novitas
628 2293 716 2349 invisa
729 2293 834 2364 fuisset,

193 2397 291 2454 Quam
305 2395 393 2464 nobis,
413 2394 482 2470 quid
501 2413 577 2450 nunc
590 2393 657 2451 esset
669 2398 766 2452 vetus?
788 2403 838 2452 aut
850 2394 920 2470 quid
938 2395 992 2452 ha·

273 2501 352 2555 beret

194 2601 282 2659 Quod
293 2601 400 2676 legeret
413 2610 570 2677 tereretque
582 2600 688 2658 viritim
700 2602 830 2677 publicus
843 2601 929 2658 usus?

193 2707 237 2764 Ut
251 2705 377 2782 primum
389 2704 484 2779 positis
496 2705 596 2782 nugari
610 2705 719 2763 Graecia
735 2705 816 2762 bellis

194 2805 298 2884 Coepit,
312 2819 341 2865 et
354 2808 384 2864 in
397 2806 500 2863 vitium
513 2808 625 2864 fortuna
637 2808 726 2864 labier
738 2807 827 2884 aequb,

194 2913 282 2968 Nunc
295 2911 464 2968 athletarum
478 2909 581 2979 studiis,
598 2929 674 2968 nunc
687 2911 752 2967 arsit
764 2928 914 2985 equorum5

194 3013 354 3080 Marmoris,
370 3025 419 3070 aut
431 3012 522 3070 eboris
533 3013 635 3083 fabros,
650 3022 699 3070 aut
712 3012 782 3082 aeris,
796 3011 915 3084 amavit,

194 3113 343 3192 §uspmdit
355 3115 430 3189 pista
442 3116 553 3172 mltum
565 3123 749 3189 mentemque
761 3114 877 3190 terbellii
