2238 3686
176 213 243 272 ,120
397 205 768 274 EPISTOLARUM,

184 329 361 406 splendidius
378 332 470 390 multo
487 333 534 390 est.
575 333 672 407 Equus
687 339 721 388 ut
738 349 786 388 me
802 337 905 405 portet,
925 329 978 386 alat

262 453 321 504 rex,

184 534 323 593 Officium
336 536 424 594 facio:
448 546 480 596 tu
492 537 581 612 poscis
595 536 661 594 vilia
674 555 778 606 rerum,

184 641 280 698 Dante
293 640 395 710 minor,
410 641 538 716 quamvis
549 641 604 698 fers
618 651 646 699 te
660 641 764 698 nullius
777 648 918 716 egentem.

185 741 288 798 Omnis
301 742 477 818 Aristippum
490 744 585 800 decuit
595 744 680 814 color,
694 753 723 800 et
736 745 831 812 status,
844 753 875 800 et
887 762 941 813 res,

185 846 360 902 Tentantem
373 844 488 922 majora,
503 846 562 903 fere
575 846 757 922 praesentibus
770 865 893 921 aequum.

185 950 302 1019 Contra,
317 963 403 1024 quem
417 948 524 1023 duplici
536 967 631 1024 panno
644 948 781 1025 sapientia
793 949 878 1019 velat,

186 1051 315 1108 Mirabor
326 1051 393 1106 vitae
405 1050 451 1107 via
465 1052 485 1107 s1
496 1051 628 1108 conversa
641 1051 761 1108 decebit.

185 1153 269 1210 Alter
281 1171 455 1228 purpureum
468 1172 525 1210 non
538 1153 710 1230 exspedtabit
723 1153 877 1224 amistum3

188 1255 339 1318 Quidlibet
352 1254 468 1312 indutus
482 1256 662 1313 celeberrima
674 1274 725 1332 per
736 1257 798 1313 loca
811 1257 907 1326 vadet,

185 1357 392 1434 Personamque
405 1359 477 1416 feret
489 1378 547 1416 non
559 1358 746 1418 inconcinnus
758 1369 925 1434 utramque:

186 1462 271 1525 Alter
283 1461 380 1520 Mileti
393 1471 501 1519 textam
512 1481 581 1519 eane
593 1459 671 1536 pejus
683 1470 713 1518 et
726 1462 814 1538 angui

186 1563 298 1624 Vitabit
310 1565 491 1640 chlamydem
497 1587 505 1634 ;
526 1563 664 1620 morietur
676 1563 789 1640 frigore,
804 1563 825 1620 fi
838 1583 897 1620 non

187 1667 326 1726 Retuleris
338 1685 483 1742 pannum:
503 1667 585 1737 refer,
600 1677 629 1724 et
643 1667 701 1724 fine
713 1667 789 1724 vivat
803 1666 928 1742 ineptus.

188 1769 242 1824 Res
256 1787 361 1844 gerere,
376 1779 405 1826 et
418 1777 513 1844 captos
527 1769 669 1826 ostendere
682 1768 790 1826 civibus
802 1770 904 1840 hostes,

187 1855 317 1946 Attingit
329 1870 431 1929 solium
444 1870 530 1946 JoviS,
544 1881 574 1928 et
586 1873 707 1930 eoelestia
721 1882 821 1930 tentat.

188 1973 365 2049 Principibus·
375 1973 507 2048 placuisse
518 1974 594 2044 viris,
608 1995 665 2032 non
678 1975 781 2032 ultima
793 1975 854 2032 laus
867 1977 916 2032 est.

187 2077 257 2134 Non
271 2075 359 2134 cuivis
372 2075 483 2133 homini
497 2071 638 2154 contingit
649 2077 726 2136 adire
740 2077 920 2135 Corinthum.

189 2180 275 2250 Sedit,
291 2179 340 2256 qui
354 2178 451 2236 timuit
464 2199 500 2236 ne
513 2199 570 2236 non
584 2179 757 2239 succederet:
779 2181 849 2238 esto:

190 2282 279 2352 Quid,
295 2283 343 2358 qui
357 2282 495 2358 pervenit,
509 2280 614 2340 fecitne
627 2283 761 2340 viriliter?
782 2283 876 2359 Atqui

188 2387 247 2444 ch
266 2387 319 2455 est‚.
336 2396 386 2443 aut
403 2405 552 2461 nusquam,
573 2387 649 2460 quod
667 2386 833 2461 quaerimus:
855 2385 988 2444 bleonus

266 2488 370 2558 horret,

189 2592 233 2648 Ut
243 2589 334 2667 parvis
348 2590 448 2647 animis
461 2600 490 2647 et
501 2609 587 2666 parvo
600 2609 715 2666 corpore
727 2590 830 2667 majus3

188 2693 247 2749 Hic
260 2692 342 2762 subit,
356 2701 386 2749 et
397 2693 511 2767 perfert.
546 2694 607 2750 Aut
621 2693 708 2751 virtus
721 2713 826 2752 nornen
839 2695 924 2752 inane
937 2696 987 2764 est,

189 2797 251 2856 Aut
266 2796 349 2853 decus
363 2803 392 2852 et
404 2795 529 2870 pretium
541 2797 615 2854 redte
627 2796 699 2872 petit
712 2798 858 2874 experiens
869 2797 922 2854 vir.

191 2899 295 2954 Coram
308 2917 374 2974 rege
386 2896 435 2954 sud
448 2897 484 2953 de
496 2908 660 2974 paupertate
673 2908 798 2958 tacentes

190 3001 254 3062 Plus
267 3001 398 3075 poscente
410 3000 515 3057 ferent:
538 2999 629 3073 distat,
643 3002 772 3062 sumasne
784 3007 933 3080 pudenter,

191 3102 357 3178 Ansrapias:
379 3103 459 3180 atqui
472 3121 566 3162 rerum
579 3113 665 3180 caput
683 3105 738 3165 hoe
751 3117 818 3180 erat,
832 3107 880 3168 hic
892 3107 967 3168 som.
