2242 3680
224 251 262 321 ao
463 247 774 340 sannionum,

223 390 275 446 Nil
288 391 389 462 habeo,
410 397 486 468 quod
500 416 592 472 agam,
614 407 643 454 et
661 415 719 452 non
737 395 800 451 sum
819 393 899 472 piger
904 419 912 464 ;
935 393 1020 470 usque

300 490 399 568 sequar
411 507 449 553 te.

222 591 352 651 Demitto
367 599 512 667 auriculas,
526 609 559 656 ut
572 600 677 675 iniquae
690 599 793 657 mentis
807 599 916 669 asellus,
1011 595 1013 598 ’

222 679 299 752 Cum
313 699 423 773 gravius
437 702 517 758 dorso
531 702 617 758 subiit
630 721 709 760 onus.
750 701 854 778 Incipit
866 703 929 773 ille3

222 797 251 854 Si
262 801 335 856 bene
348 821 395 858 me
407 803 482 873 novi,
497 823 554 860 non
567 803 684 860 Viscum
696 805 783 879 pluris
796 804 930 873 amicum,

221 900 291 957 Non
305 903 433 973 Varium,
452 905 551 962 facies:
580 925 648 962 nam
661 905 723 980 quis
735 925 783 962 me
795 905 915 963 scribere
928 906 1021 981 plures

220 1005 283 1060 Aut
296 1005 379 1062 citius
392 1007 474 1081 poffit
488 1007 598 1063 versus?
621 1007 683 1082 quis
696 1010 822 1064 membra
835 1027 950 1065 movere

155 1171 158 1176 v
221 1107 356 1163 Mollius?
378 1108 504 1165 invideat
517 1111 593 1184 quod
604 1120 632 1166 et
643 1111 847 1185 Hermogenen
861 1101 915 1186 ego
926 1103 1019 1168 canto.

219 1209 421 1284 Interpellandi
433 1211 509 1268 locus
522 1211 569 1267 hic
582 1221 654 1268 erat:
678 1212 725 1268 Est
737 1212 790 1268 tibi
803 1215 910 1268 mater?

220 1313 353 1390 Cognati,
368 1315 451 1390 queis·
461 1325 490 1372 te
503 1315 579 1372 salvo
592 1315 631 1372 est
644 1317 729 1390 opus?
756 1315 844 1372 Haud
857 1315 930 1374 mihi
944 1317 1017 1392 quis-

297 1437 396 1493 quam3

217 1519 327 1576 Omnes
340 1522 493 1598 composui.
534 1523 653 1580 Felices!
677 1541 753 1580 nunc
766 1541 820 1600 ego
833 1524 919 1580 resto:

219 1623 349 1679 Confice:
373 1643 495 1699 namque
508 1625 590 1680 instat
604 1625 697 1683 fatum
709 1623 782 1681 mihi
794 1625 879 1696 tn'ste,
887 1626 1005 1683 Sabella

220 1725 307 1780 Quod
320 1743 407 1799 puero
420 1725 523 1781 cecinit
536 1727 614 1783 mota
624 1726 716 1783 divina
731 1746 800 1783 anus
813 1727 897 1796 u1n25

220 1833 227 1856 ‘
241 1827 328 1882 Hunc
339 1846 430 1901 neque
439 1827 499 1884 dira
506 1847 622 1898 venena,
630 1847 681 1884 nec
691 1827 809 1885 hosticus
818 1829 928 1885 auferet
937 1831 1016 1900 ensis,

216 1935 228 1968 ›‘
241 1930 305 1986 Nec
318 1931 439 1986 laterum
452 1931 540 1996 dolor,
555 1941 604 1986 aut
617 1931 703 1999 tuliis,
718 1949 770 1986 nec
784 1931 862 1987 tarda
874 1933 1016 2008 podagra3

221 2039 228 2062 ‘
242 2033 376 2090 Garrulus
390 2033 466 2089 hunc
486 2034 599 2107 quando
611 2032 757 2089 consumet
768 2051 893 2107 cunque:
916 2034 1015 2110 loqua-

291 2141 370 2206 ·‘ccs‚

218 2239 268 2294 ‘Si
281 2238 377 2314 sapiat,
392 2239 471 2308 vitet,
489 2239 570 2295 simul
584 2247 669 2314 atque
681 2238 832 2296 adoleverit
845 2242 931 2297 aetas!
1008 2276 1010 2280 -

215 2341 344 2397 Ventum
357 2351 415 2398 erat
429 2342 465 2398 ad
477 2342 577 2409 Vestae,
592 2341 690 2416 quarta
700 2339 761 2416 jam
773 2350 852 2416 parte
866 2341 923 2398 diei

215 2443 374 2499 Praeterita:
397 2453 426 2500 et
439 2444 503 2500 casu
522 2452 591 2499 tunc
604 2443 768 2518 respondere
780 2444 896 2500 vadatus

214 2545 358 2614 Debebat3
381 2547 456 2620 quod
470 2545 500 2601 ni
512 2545 627 2615 fecisset,
641 2546 757 2620 perdere
770 2545 859 2601 litem.

215 2647 243 2704 Si
256 2666 303 2702 me
314 2666 398 2717 amas,
413 2647 514 2722 inquit,
528 2648 646 2722 paulum
657 2647 704 2704 hic
715 2648 787 2705 ades.
818 2649 980 2722 ¹Inteream‚
993 2652 1013 2708 fi

213 2750 276 2806 Aut
288 2749 367 2806 valeo
380 2751 457 2819 stare,
473 2759 522 2805 aut
536 2749 601 2806 novi
615 2749 707 2806 civilia
717 2748 794 2826 jura:

213 2853 250 2908 Et
271 2871 396 2928 propero,
424 2871 480 2927 quo
499 2851 559 2908 scis.
600 2851 712 2908 Dubius
729 2851 791 2908 sum
809 2852 878 2927 quid
898 2854 1012 2927 faciam,
1104 2871 1105 2880 ¹

212 2971 218 3010 '.
290 2954 397 3030 inquit:

211 3058 291 3114 Tene
304 3058 469 3132 relinquam,
487 3069 528 3118 'an
541 3075 609 3115 rem.
647 3058 707 3129 Me,
730 3059 815 3116 sodes.
857 3057 928 3113 Non
942 3051 1011 3116 faciss

290 3177 344 3230 am,
364 3158 431 3216 ille:
698 3157 700 3160 ’
