2242 3680
172 166 210 228 74
412 164 723 232 SERMONUM‚

173 287 235 342 Sive
249 286 356 362 Aquilo
368 289 441 346 radit
455 299 549 360 terras,
563 290 611 348 seu
625 293 725 347 bruma
739 287 864 346 nivalem

172 389 308 446 Interiore
321 390 397 448 diem
412 411 482 467 gyro
495 392 591 462 trahit,
606 391 647 448 ire
660 391 769 450 necelle
781 391 829 447 est.

172 491 327 561 Postmodo,
341 494 417 567 quod
430 495 471 550 ml
484 495 565 565 obfit,
579 495 653 552 clare
667 503 833 568 certumque
845 493 953 560 locut0,

172 594 351 652 Luctandum
365 594 396 650 in
407 596 504 666 turbd;
525 596 655 654 facienda
669 594 771 671 injuria
783 595 883 652 tardis.

173 693 253 752 Quid
264 695 316 753 tibi
333 695 382 766 vis,
395 696 507 754 insane?
530 707 567 768 et,
584 699 682 756 Quam
695 717 756 756 rem
770 697 846 774 agis?
868 697 976 772 impro-

249 801 301 854 bus
313 808 417 873 urguet

171 899 253 956 Iratis
265 899 410 975 precibus:
433 910 465 957 tu
478 902 570 977 pulses
583 921 669 958 omne
683 902 761 978 quod
773 901 873 971 obstat,

171 1002 221 1064 Ad
235 1003 424 1060 Maecenatem
435 1005 555 1060 memori
566 1005 587 1060 si
602 1014 699 1060 mente
709 1022 846 1060 recurras.

172 1105 237 1162 Hoc
253 1103 343 1180 juvat,
366 1115 395 1160 et
414 1105 492 1162 melli
508 1107 562 1176 est5
584 1125 642 1162 non
658 1105 790 1162 mentiar.
830 1107 873 1162 At
887 1104 970 1162 srmul

250 1217 323 1265 atras
597 1287 600 1292 .

172 1312 300 1368 Ventum
314 1311 353 1368 est
367 1310 513 1385 Esquilias,
527 1310 617 1368 aliena
632 1311 745 1387 negotia
759 1319 876 1368 centum

172 1414 224 1469 Per
234 1424 319 1488 caput
331 1422 360 1470 et
372 1411 446 1470 circa
457 1412 560 1470 saliunt
573 1414 653 1471 latus.
694 1415 775 1470 Ante
787 1413 940 1470 secundam

173 1513 288 1588 Roscius
301 1517 400 1572 orabat
413 1514 464 1572 fibi
478 1515 580 1576 adclles
591 1517 626 1572 ad
641 1516 738 1574 Puteal
752 1535 821 1573 cras.

173 1617 218 1672 De
230 1635 260 1672 re
272 1617 418 1674 communi
432 1616 528 1674 scribae
541 1619 646 1694 magud
659 1628 744 1694 atque
758 1618 831 1674 novit
845 1629 874 1674 te

172 1717 301 1774 Orabant
314 1717 398 1794 hodie
411 1718 590 1788 meminisses,
606 1719 725 1790 Quinte,
741 1720 853 1777 reverti.

172 1818 321 1894 imprimat
335 1818 378 1876 his
391 1839 458 1876 cura
471 1821 613 1878 Maecenas
627 1822 705 1897 signa
718 1821 836 1878 tabellis.

173 1920 294 1990 Dixeris,
310 1920 457 1996 Experiar:
481 1920 510 1977 Si
523 1922 573 1992 vis,
587 1933 675 1997 potes,
690 1923 777 1994 addit,
790 1933 821 1980 et
833 1923 927 1980 instat.

174 2023 314 2098 Septimus
327 2023 425 2080 odlavo
438 2023 551 2099 propior
560 2023 621 2099 jam
633 2006 739 2100 fugerit
752 2045 851 2096 annus,

172 2127 217 2184 Ex
228 2144 284 2200 quo
297 2126 440 2182 Maecenas
453 2145 500 2182 me
513 2126 599 2202 coepit
610 2127 713 2184 habere
726 2126 841 2184 suorum

173 2230 208 2286 In
222 2247 353 2299 numero,
376 2230 515 2285 duntaxat
527 2228 636 2299 adhoc,
651 2248 739 2304 quern
752 2229 851 2286 tollere
864 2229 953 2288 rhedd

173 2330 277 2400 Vellet,
290 2330 344 2388 iter
357 2307 471 2400 faciens,
486 2339 515 2387 et
528 2329 574 2386 cui
587 2333 754 2388 concredere
764 2350 854 2408 nugas

174 2434 238 2492 Hoc
252 2451 354 2508 genus;
375 2433 454 2490 Hora
466 2442 552 2508 quota
563 2433 617 2488 est?
638 2432 736 2490 Threx
747 2433 786 2490 est
796 2433 911 2492 Gallina
920 2436 971 2511 Sy·

251 2555 282 2594 ro
296 2537 361 2610 par?

176 2637 321 2695 Matutina
333 2657 433 2713 parum
443 2647 539 2695 cautos
548 2637 608 2715 jam
622 2639 726 2715 frigora
740 2640 886 2696 mordent:

175 2743 213 2800 Et
226 2761 289 2817 quae
302 2741 404 2798 rimosd
417 2743 489 2799 bene
502 2743 682 2817 deponuntur
693 2743 724 2799 in
738 2761 813 2800 aure.

176 2848 228 2902 Per
241 2853 334 2902 totum
347 2844 400 2900 hoc
413 2853 523 2920 tempus
536 2842 684 2919 subjectior
695 2844 726 2901 in
739 2845 815 2903 diem
828 2854 858 2904 et
871 2845 972 2906 horam

178 2947 303 3006 Invidiae.
324 2947 445 3005 Noster
456 2947 537 3004 ludos
550 2946 714 3022 spectaverit
727 2967 798 3018 una,

177 3050 287 3107 Luserit
300 3051 328 3108 in
340 3069 457 3124 campo;
479 3049 610 3109 Fortunae
623 3049 712 3108 filius!
735 3069 839 3108 ornnes.
