2238 3686
435 212 528 270 nro.
559 212 598 270 11.
637 211 656 268 i.
891 216 945 280 139

144 333 319 410 Divitiaeque
328 336 482 413 peregrinae
487 363 496 409 3
518 336 821 414 quiburoblitusadlor

145 438 223 494 Cum
236 437 312 494 stetit
325 438 353 494 in
367 439 459 510 scend,
472 441 614 498 concurrit
626 441 742 498 dextera
755 439 842 496 laevae.

144 541 230 599 Dixit
242 542 335 600 adhuc
348 542 472 619 aliquid?
494 545 546 602 Nil
560 544 632 602 sane.
662 543 743 602 Quid
753 543 846 619 placet
858 544 943 620 ergo?

144 646 233 702 Laena
245 645 401 704 Tarentino
413 646 501 704 violas
513 647 625 704 imitata
637 665 756 704 veneno.

145 750 202 817 Ac,
216 766 253 805 ne
266 748 339 806 forte
352 757 435 824 putes
448 767 504 820 me,
519 769 582 824 quae
595 750 687 806 facere
698 748 756 824 ipse
769 748 903 818 recusem,

145 851 223 908 Cum
236 850 441 908 rememorent
455 851 512 920 alii,
526 852 639 908 laudare
652 850 777 928 maligne
785 876 794 922 3

145 953 200 1011 ille
211 971 261 1029 per
272 962 420 1010 extentum
432 954 532 1012 funem
544 953 615 1011 mihi
628 953 704 1030 polle
717 953 829 1011 videtur

146 1059 193 1115 Ire
205 1059 296 1134 poeta,
310 1077 407 1116 meum
420 1057 470 1133 qui
482 1057 579 1135 pedlus
590 1056 712 1115 inaniter
725 1055 815 1132 angit,

146 1161 251 1230 Irritat,
266 1161 381 1230 mulcet,
396 1160 471 1218 falfie
482 1159 633 1217 tenoribus
644 1159 759 1235 implet3

146 1265 193 1333 Et,
202 1281 302 1340 magus
309 1273 351 1333 ut,
360 1263 446 1320 modo
454 1281 501 1319 me
507 1259 623 1332 Thebis,
632 1262 718 1318 modo
725 1261 943 1337 ponitAthenia.

147 1367 257 1422 Verum
270 1383 330 1442 age,
344 1374 374 1422 et
386 1363 438 1434 his,
455 1363 504 1440 qui
517 1364 546 1421 se
559 1363 656 1422 ledlori
668 1365 780 1421 credere
793 1365 912 1435 malunt,

148 1469 248 1525 Quam
260 1466 420 1544 spedlatoris
431 1466 539 1524 faffidia
552 1466 625 1522 serre
637 1465 758 1541 superbi,

50 1636 52 1640 ,
148 1572 254 1628 Curam
275 1569 408 1646 impende
422 1569 536 1627 brevem
541 1593 549 1639 3
572 1568 707 1626 fimunus
725 1568 860 1644 Apolline
880 1569 942 1647 dig-

225 1691 295 1729 num
770 1697 773 1704 ¹

147 1775 198 1832 Vis
210 1775 349 1851 complere
361 1775 448 1846 libris,
462 1785 491 1834 et
503 1775 615 1834 vatibus
626 1777 727 1834 addere
742 1777 841 1848 calcar,

147 1879 191 1935 Ut
203 1878 293 1936 studio
306 1877 410 1954 majore
421 1887 520 1954 petant
532 1879 673 1937 Helicona
686 1879 832 1937 virentem.

147 1981 243 2039 Multa
256 1981 370 2056 quidem
385 1981 464 2038 nobie
477 1981 597 2038 facimus
610 1982 685 2040 mala
699 1983 770 2058 saepe
784 1984 883 2058 poetae,

148 2085 205 2160 (Ut
217 2083 313 2142 vineta
326 2093 440 2161 egomet
452 2085 560 2141 caedam
573 2085 649 2153 mea)
664 2104 730 2167 cum
743 2085 796 2142 tibi
808 2084 913 2143 librum

147 2186 262 2244 Solicito
275 2188 383 2257 damus,
397 2195 447 2244 aut
458 2185 539 2256 feff03
562 2205 628 2244 cum
641 2187 778 2258 laedimur,
792 2207 884 2246 unum

147 2289 176 2346 Si
190 2289 252 2365 quis
265 2289 421 2347 amicorum
433 2289 472 2346 est
485 2289 565 2346 ausus
578 2291 743 2366 reprendere
756 2291 865 2349 versum
872 2317 881 2362 ς

144 2392 225 2448 Cum
237 2391 298 2448 loca
307 2389 368 2467 jam
381 2391 497 2448 recitata
511 2392 678 2450 revolvimus
688 2391 849 2464 irrevocati;

147 2496 224 2552 Cum
235 2495 437 2563 lamentamur‚-
448 2513 505 2551 non
517 2513 647 2570 apparere
661 2494 767 2552 labores

145 2598 271 2668 Nostros,
284 2606 313 2654 et
326 2596 405 2654 tenui
418 2597 537 2654 dedudla
548 2599 679 2672 podmata
695 2597 760 2654 filo:

147 2702 224 2758 Cum
236 2699 378 2776 speramus
390 2719 424 2756 eo
436 2718 496 2756 rem
508 2708 665 2769 venturam,
679 2709 712 2757 ut
724 2700 805 2758 srmul
817 2710 903 2778 atque

146 2803 281 2862 Carmina
294 2801 415 2860 rescieris
428 2821 478 2859 nos
491 2802 607 2878 fingere,
621 2805 784 2861 commodus
797 2804 873 2862 ultro

145 2907 283 2976 Arceffas‚
296 2915 326 2963 et
335 2923 417 2982 egere
426 2914 511 2974 vetes,
523 2913 552 2962 et
565 2904 682 2962 scribere
692 2925 784 2982 cogas.

136 3010 202 3066 -Sed
215 3017 310 3066 tamen
320 3008 360 3066 est
370 3027 461 3084 operae
473 3006 596 3083 pretium
609 3007 784 3083 cognoscere,
799 3009 898 3085 quales,

144 3111 281 3192 AEffituos
294 3110 397 3170 habeat
409 3109 476 3169 belli
489 3108 610 3186 spedota
624 3109 757 3187 domique
