2242 3680
319 530 359 586 Q,
380 529 580 633 HONRATII
606 527 774 586 FLACCI

212 691 863 802 sunnonem

384 943 508 992 LIBER
537 943 703 992 PRIMUS.
768 899 769 903 '

403 1195 676 1264 ψ

318 1517 320 1522 ,
402 1469 613 1528 'SATIRA
652 1469 675 1524 I.

140 1659 220 1758 Qur
234 1679 277 1750 fit,
296 1680 447 1750 Maecenas,
468 1689 502 1737 ut
516 1699 608 1751 nemo,
624 1698 710 1756 quarn
723 1677 774 1736 fibi
787 1677 890 1735 sortem

140 1775 200 1836 Seu
212 1777 295 1835 Ratio
308 1777 426 1850 dederit,
446 1779 495 1836 scu
508 1780 574 1836 Fors
590 1778 731 1856 objecerit,
751 1777 801 1834 ina

142 1879 304 1938 Contentus
316 1880 406 1952 vivat3
428 1881 524 1939 laudet
538 1882 644 1940 diversa
656 1880 818 1956 sequentes?

142 1981 187 2038 v0!
211 1983 348 2046 fortunati
360 1993 535 2055 mercatores,
557 1984 648 2060 gravis
665 1974 748 2040 amris

144 2083 231 2142 Miles
244 2085 293 2155 ait,
313 2086 407 2144 multo,
414 2085 474 2161 jam
487 2087 591 2144 statius
603 2089 730 2144 membra
743 2086 846 2142 labore.

142 2186 252 2245 :Contra
264 2197 411 2258 mercator,
432 2189 528 2246 navim
535 2188 706 2266 jactantibus
719 2188 823 2258 austris,
937 2230 939 2233 s

143 2287 252 2347 Militia
269 2290 309 2346 est
327 2291 432 2365 potior:
455 2291 524 2366 quid
537 2291 631 2349 enim?
653 2291 841 2363 concurritur:
865 2291 941 2348 horae

144 2391 296 2460 Memento
309 2391 366 2452 cita
378 2411 453 2452 mors
465 2393 552 2464 venit,
573 2404 623 2451 aut
635 2394 750 2451 uictoria
763 2395 835 2452 lacta.

144 2493 310 2570 Agricolam
318 2496 418 2554 laudat
424 2478 494 2572 jurio
505 2497 658 2572 legumque
671 2496 785 2572 peritus,

142 2597 202 2654 Sub
215 2597 283 2674 galli
295 2607 413 2658 cautum
424 2599 566 2658 consultor
578 2599 627 2656 ubi
638 2600 706 2658 ostia
718 2600 819 2678 pulsat.

143 2699 197 2770 Jlle
211 2701 283 2758 datis
293 2701 410 2760 vadibus
424 2701 473 2777 qui
486 2721 549 2760 rure
562 2703 701 2760 extractus
714 2701 745 2758 in
757 2705 858 2760 urbem
869 2701 917 2770 est,

140 2803 222 2860 Solos
235 2803 330 2862 felices
343 2804 468 2862 viventes
481 2804 584 2862 clamat
597 2804 627 2862 in
640 2807 717 2862 urbe.

138 2907 255 2964 'Caetera
268 2908 304 2964 de
317 2926 420 2982 genere
432 2907 495 2976 hoc,
517 2908 588 2965 adeo
601 2907 665 2964 sunt
679 2907 778 2976 multa,
796 2906 944 2981 loquacem

143 3007 285 3066 Dalallare
298 3010 393 3068 valent
406 3009 533 3068 Fabium.
574 3010 622 3067 Ne
636 3017 664 3066 te
676 3028 778 3079 morer,
799 3009 875 3080 audi,

138 3109 213 3168 Ouo
227 3130 288 3168 rem
300 3113 446 3194 deducam.
487 3111 518 3168 Si
530 3111 593 3186 quis
604 3113 680 3184 deus,
700 3113 748 3170 En
757 3131 819 3188 ego,
840 3111 924 3182 dieat,

183 3231 254 3271 ror.
266 3233 305 3271 rr.
540 3233 559 3268 u
