2242 3680
415 233 508 293 sm.
539 235 578 292 n.
618 228 667 291 vn
905 233 940 288 ar
996 261 998 264 -

131 357 170 414 In
183 371 272 434 quern
286 379 386 419 manca
400 361 458 418 ruit
467 361 581 438 ¹semper
594 361 727 418 Fortuna.
769 360 888 418 Potesne

132 461 179 518 Ex
191 461 246 532 his,
267 471 301 520 ut
314 463 469 539 proprium,
494 463 564 540 quid
582 463 712 520 noscere?
737 460 881 536 'Quinque
895 470 951 517 ta-=

213 564 292 621 lenta

132 667 226 760 Posoit
239 679 268 726 te
280 669 392 740 mulier,
406 677 499 740 vexat,
514 669 677 744 foribusque
690 667 834 744 repulsum

132 769 281 828 Perfundit
293 771 400 848 gelida:
423 771 517 828 rursus
528 780 625 828 vocat:
648 769 724 846 eripe
738 770 815 845 turpi

133 873 216 930 Oolla
226 871 311 950 jugo:
335 873 415 944 liber,
429 873 502 931 liber
514 873 586 944 sum,
600 873 654 943 dic,
671 892 738 950 age:
762 891 820 930 non
834 872 910 948 quis,

131 975 249 1050 Urguet
261 975 339 1032 enim
353 975 484 1034 dominus
496 985 624 1034 mentem
635 995 692 1032 non
706 974 786 1046 lenis,
800 985 829 1032 et
840 995 917 1034 acres

131 1075 278 1154 Subjestat
290 1079 357 1136 lasso
367 1079 502 1149 stimulos,
516 1081 662 1154 versatque
677 1057 840 1155 negantem}

131 1181 188 1238 Vel
201 1199 268 1240 cum
282 1181 413 1238 Paufiacfi
426 1191 526 1257 torpes,
543 1181 650 1252 insane,
665 1182 778 1252 tabella,

132 1283 196 1340 Qui
209 1302 307 1359 peccas
319 1283 414 1357 minus
428 1292 514 1360 atque
526 1303 589 1360 ego,
607 1303 674 1342 curn
686 1283 778 1353 Fulvi,
799 1285 935 1342 Rutubae-

212 1407 277 1463 que,

131 1492 196 1548 Aut
209 1491 388 1562 Placideiani,
403 1499 537 1550 contento
551 1491 658 1568 poplite
671 1490 759 1549 miror
806 1529 807 1532 =

131 1594 242 1664 Proelia,
255 1593 366 1652 rubr-ies
378 1595 453 1671 pista
467 1605 517 1654 aut
530 1597 663 1665 carbone,
684 1595 764 1651 velut
776 1593 797 1651 fi

132 1697 175 1754 Re
187 1697 253 1754 veri
265 1707 404 1774 pugnent,
418 1697 531 1769 feriant,
547 1698 703 1772 vitentque,
717 1705 863 1756 moventes

130 1801 231 1870 Arma,
245 1799 318 1856 viri?
339 1801 484 1875 Nequam,
498 1799 665 1870 et'ceffator,
680 1801 791 1872 Davus3
813 1811 842 1858 at
855 1801 913 1878 ipse

129 1901 247 1960 Subtilis
259 1912 388 1962 veterum
396 1901 486 1979 judex
498 1912 527 1960 et
540 1902 657 1960 callidus
670 1902 758 1960 audis.

129 2006 184 2064 Nil
195 2025 258 2082 ego,
272 2007 293 2062 s1
306 2007 394 2062 ducor
406 2005 464 2062 libo
477 2005 622 2075 sumente,
648 2004 701 2061 tibi
714 2004 814 2081 ingens

129 2108 229 2166 Virtus
243 2117 328 2184 atque
342 2108 453 2167 animus
466 2107 553 2164 coenis
566 2107 708 2183 responsat
720 2107 831 2186 opimis.

128 2211 311 2287 Obsequium
323 2210 428 2269 ventris
441 2209 513 2267 mihi
526 2209 707 2286 perniciosius
718 2212 757 2267 est
770 2211 838 2267 cur?

127 2314 225 2390 Tergo
236 2314 343 2389 plcetor
354 2313 441 2370 enim.
482 2311 543 2368 Qui
557 2321 589 2370 tu
601 2311 770 2388 impunitior
781 2311 840 2381 illa,

129 2417 207 2474 Quae
219 2435 305 2492 parvo
318 2415 392 2472 sumi
405 2423 558 2490 nequeunt,
572 2413 686 2490 opsonia
700 2416 811 2490 captas?

127 2519 243 2595 Nempe
255 2519 463 2576 inamarescunt
475 2517 566 2593 epulae
582 2518 640 2574 fine
653 2516 712 2573 fine
724 2515 831 2592 petitae,
938 2537 941 2546 ·

128 2623 265 2698 Illusrque
277 2623 362 2698 pedes
373 2619 508 2678 vitiosum
521 2619 593 2676 ferre
606 2618 736 2676 recusant

126 2727 249 2802 Corpus.
276 2725 326 2782 An
337 2723 384 2780 hic
394 2731 504 2800 peccat,
518 2721 569 2779 sub
580 2722 692 2778 nostem
703 2719 752 2796 qui
762 2737 833 2796 puer
842 2720 929 2778 ovim

126 2829 243 2887 Furtivai
255 2836 348 2886 mutat
361 2825 478 2902 strigili?
501 2823 550 2900 qui
563 2823 668 2899 praedia
681 2823 790 2894 vendit,

125 2933 180 2990 Nil
193 2931 301 3001 servile,
317 2929 390 3005 gulae
402 2945 510 3004 parens,
525 2927 627 2985 habet?
652 2925 746 2995 Adde,
761 2925 838 2999 quod
850 2924 928 2984 idem

125 3035 198 3094 Non
211 3034 312 3092 horam
325 3041 421 3090 tecum
433 3030 487 3088 effe
500 3037 589 3106 potes,
602 3047 661 3086 non
674 3025 732 3084 otia
742 3026 818 3084 rette

124 3141 248 3208 Ponere;
271 3144 356 3212 teque
367 3134 462 3212 ipsum
474 3132 554 3202 vitas,
566 3129 706 3208 fitgitivus
719 3138 752 3187 ut
765 3147 835 3214 erro,
938 3149 943 3157 ²

166 3261 239 3301 vor..
254 3260 290 3298 11.
527 3253 547 3292 G
