2242 3680
377 221 499 280 .LIB.
530 223 569 280 11.
587 307 590 313 Ι
609 221 639 280 ii.
890 225 926 277 51

117 339 253 400 Pluribus
268 318 381 402 affudrit
394 357 522 430 mentem
535 365 692 424 corpusque
705 346 871 422 superbum3

118 445 170 501 Au
185 445 244 520 qui,
260 456 410 506 contentus
423 469 509 526 parvo
521 461 707 526 metuensque
720 449 819 518 futuri,

121 547 157 603 In
170 563 249 622 pace',
263 558 297 606 ut
311 549 430 626 sapiens
445 554 549 628 aptarit
561 553 662 610 idonea
676 552 767 610 bello?

118 650 192 707 Quo
203 652 296 728 magis
308 652 353 709 his
366 655 462 712 credas
468 678 476 725 3
491 653 561 731 puer
573 657 650 712 hunc
661 674 715 731 ego
728 673 831 730 panus
844 654 926 712 Ofel-

115 768 118 774 ·
201 754 263 810 lum

123 859 247 936 Integris
260 861 362 936 opibus
375 863 442 920 novi
455 883 512 920 non
526 864 610 935 latius
622 865 712 933 usum,

122 963 222 1019 Quam
235 981 313 1020 nunc
326 965 429 1022 accisis.
471 967 576 1024 Videas
589 975 697 1024 metato
710 965 740 1022 in
755 962 847 1042 agello

122 1065 198 1122 Cum
210 1083 313 1140 pecore
324 1075 354 1123 et
367 1067 461 1143 gnatis
474 1069 578 1126 fortem
592 1067 721 1126 mercede
733 1069 877 1136 colonruu,

121 1157 191 1224 Non
205 1187 269 1244 ege,
285 1178 455 1240 narrantem,
468 1181 574 1228 temere
589 1170 635 1228 edi
648 1171 712 1227 luce
727 1171 847 1246 prosestd

122 1271 289 1348 chquam
302 1282 405 1349 praeter
416 1274 486 1342 olus,
504 1275 623 1332 fumosae
636 1293 704 1331 curu
716 1275 789 1350 pede
801 1293 904 1350 pemae.

121 1375 177 1445 Ac,
191 1374 266 1432 mihi
278 1375 327 1432 seu
340 1375 459 1453 longum
472 1377 533 1452 post
546 1385 658 1452 tempus
667 1385 783 1433 venerat
796 1377 904 1451 hospes,

71 1510 73 1515 ·
122 1475 186 1534 Sive
199 1497 319 1554 operum
331 1497 420 1537 vacuo
434 1488 529 1554 gratus
543 1479 661 1536 conviva
674 1497 725 1554 per
737 1478 860 1534 imbrem

120 1579 251 1650 Vicinus,
264 1583 337 1638 bene
350 1591 419 1650 erat,
433 1600 491 1638 non
504 1580 626 1656 piscibus
642 1583 710 1637 urbe
723 1579 829 1655 petitis,

121 1684 175 1740 Sed
188 1683 268 1759 pullo
282 1693 367 1758 atque
380 1683 482 1740 hoedor
502 1693 565 1740 turn
577 1683 689 1758 pensilis
702 1702 757 1739 uva
771 1683 905 1740 secundas

121 1786 159 1842 Et
171 1805 232 1842 nux
243 1787 365 1842 ornabat
377 1786 495 1854 mensas,
513 1805 580 1842 cum
592 1785 704 1861 duplice
718 1785 790 1842 ficu:

121 1888 184 1944 Post
196 1887 251 1944 hoc
263 1887 347 1944 ludus
360 1896 420 1944 erut
433 1887 517 1962 culpd
529 1895 627 1962 potare
640 1886 785 1964 magistrd3

120 1992 167 2046 Ac
180 1999 313 2048 venerata
327 1991 421 2059 Ceres,
435 1989 479 2046 ita
487 1990 589 2046 culmo
601 1989 726 2064 surgeret
739 1990 806 2058 ulto,

123 2092 270 2168 Explicuit
282 2093 347 2150 vino
360 2091 512 2148 contractae
524 2091 594 2148 seria
609 2091 718 2148 frontis.

121 2195 234 2266 Saeviat,
249 2205 334 2270 atque
346 2213 435 2252 novos
447 2185 560 2250 m'oveut
573 2194 687 2250 fortuna
702 2195 850 2266 tumultur,

121 2301 276 2359 Quantum
289 2297 357 2369 hinc
370 2295 539 2359 imminuet?
555 2305 662 2371 quanto
674 2305 723 2354 aut
737 2315 791 2374 ego
803 2299 923 2373 parcius,

200 2413 251 2462 aut
264 2423 321 2474 vos,

120 2507 149 2565 Ο
162 2507 253 2584 pueri,
268 2505 397 2575 nituistis,
412 2514 445 2563 ut
456 2505 513 2562 huc
527 2524 615 2563 novus
626 2504 718 2564 incola
731 2505 830 2564 venit?

120 2611 201 2668 Nam
212 2609 333 2686 propriae
344 2609 450 2667 telluris
464 2609 565 2666 herum
578 2620 678 2668 natura
692 2629 784 2688 neque
797 2612 889 2682 illurn,

121 2715 187 2771 Nec
201 2733 257 2784 me,
280 2723 333 2769 nec
346 2731 529 2787 quemquam,
543 2712 653 2769 statuit:
675 2733 726 2770 uos
737 2714 847 2790 expulit
859 2713 921 2783 ille3

121 2817 211 2874 Illum
222 2825 272 2874 aut
285 2813 433 2890 nequities,
454 2823 503 2871 aut
517 2809 590 2870 vafri
600 2813 710 2872 inscitia
720 2815 789 2891 juris
796 2841 804 2886 5

121 2920 298 2978 Postremum
310 2917 433 2993 expellet
445 2927 521 2974 certe
534 2917 656 2974 vivacior
669 2918 765 2974 haeres.

120 3022 211 3079 Nunc
225 3039 293 3096 ager
302 3019 445 3078 Umbreni
458 3019 509 3076 sub
521 3019 646 3089 nomine,
661 3037 751 3094 nuper
762 3019 852 3078 Oselli
926 3023 929 3026 ’

117 3123 302 3200 Dictruserit
315 3121 388 3180 nulli
399 3121 541 3198 proprium
564 3121 611 3179 sed
618 3123 703 3179 cedet
713 3121 745 3180 in
757 3125 840 3181 usum
936 3123 938 3129 '
