<?xml version="1.0" encoding="UTF-8"?>
<!DOCTYPE html PUBLIC "-//W3C//DTD XHTML 1.0 Transitional//EN"
    "http://www.w3.org/TR/xhtml1/DTD/xhtml1-transitional.dtd">
<html xmlns="http://www.w3.org/1999/xhtml" xml:lang="en" lang="en">
 <head>
  <title>
</title>
<meta http-equiv="Content-Type" content="text/html;charset=utf-8" />
  <meta name='ocr-system' content='tesseract 3.04.00' />
  <meta name='ocr-capabilities' content='ocr_page ocr_carea ocr_par ocr_line ocrx_word'/>
</head>
<body>
  <div class='ocr_page' id='page_1' title='image "./qhoratiiflacci01horagoog_0024.png"; bbox 0 0 2242 3680; ppageno 0'>
   <div class='ocr_carea' id='block_1_1' title="bbox 112 211 927 2179">
    <p class='ocr_par' dir='ltr' id='par_1_1' title="bbox 112 211 914 639">
     <span class='ocr_line' id='line_1_1' title="bbox 372 211 910 288; baseline -0.013 0"><span class='ocrx_word' id='word_1_1' title='bbox 372 227 489 288; x_wconf 61' lang='grc' dir='ltr'>ΗΒ.</span> <span class='ocrx_word' id='word_1_2' title='bbox 520 212 555 287; x_wconf 74' lang='lat'>1.‘</span> <span class='ocrx_word' id='word_1_3' title='bbox 583 227 624 286; x_wconf 74' lang='lat' dir='ltr'>us.</span> <span class='ocrx_word' id='word_1_4' title='bbox 649 211 678 220; x_wconf 82' lang='lat'>&#39;&#39;</span> <span class='ocrx_word' id='word_1_5' title='bbox 876 211 910 285; x_wconf 73' lang='lat' dir='ltr'>is</span> 
     </span>
     <span class='ocr_line' id='line_1_2' title="bbox 113 334 841 433; baseline -0.005 -18"><span class='ocrx_word' id='word_1_6' title='bbox 113 334 250 428; x_wconf 78' lang='lat' dir='ltr'>concute,</span> <span class='ocrx_word' id='word_1_7' title='bbox 264 370 337 414; x_wconf 88' lang='lat' dir='ltr'>num</span> <span class='ocrx_word' id='word_1_8' title='bbox 349 376 404 433; x_wconf 84' lang='lat' dir='ltr'>qua</span> <span class='ocrx_word' id='word_1_9' title='bbox 417 357 471 413; x_wconf 89' lang='lat' dir='ltr'>tibi</span> <span class='ocrx_word' id='word_1_10' title='bbox 483 355 619 414; x_wconf 88' lang='lat' dir='ltr'>vitiorum</span> <span class='ocrx_word' id='word_1_11' title='bbox 630 353 761 412; x_wconf 86' lang='lat' dir='ltr'>inseverit</span> <span class='ocrx_word' id='word_1_12' title='bbox 771 354 841 412; x_wconf 91' lang='lat' dir='ltr'>olim</span> 
     </span>
     <span class='ocr_line' id='line_1_3' title="bbox 112 445 914 534; baseline -0.004 -15"><span class='ocrx_word' id='word_1_13' title='bbox 112 460 234 531; x_wconf 85' lang='lat' dir='ltr'>Natura,</span> <span class='ocrx_word' id='word_1_14' title='bbox 250 469 300 518; x_wconf 90' lang='lat' dir='ltr'>aut</span> <span class='ocrx_word' id='word_1_15' title='bbox 313 459 399 517; x_wconf 84' lang='lat' dir='ltr'>etiam</span> <span class='ocrx_word' id='word_1_16' title='bbox 412 460 584 516; x_wconf 87' lang='lat' dir='ltr'><strong>consuetudo</strong></span> <span class='ocrx_word' id='word_1_17' title='bbox 597 459 686 528; x_wconf 69' lang='lat' dir='ltr'>mala,</span> <span class='ocrx_word' id='word_1_18' title='bbox 712 477 836 534; x_wconf 83' lang='lat' dir='ltr'>namque</span> <span class='ocrx_word' id='word_1_19' title='bbox 913 445 914 448; x_wconf 8' lang='grc' dir='ltr'><strong>Ἰ</strong></span> 
     </span>
     <span class='ocr_line' id='line_1_4' title="bbox 113 559 716 639; baseline -0.007 -19"><span class='ocrx_word' id='word_1_20' title='bbox 113 561 260 639; x_wconf 76' lang='lat' dir='ltr'>Negleffis</span> <span class='ocrx_word' id='word_1_21' title='bbox 272 563 380 619; x_wconf 86' lang='lat' dir='ltr'>urenda</span> <span class='ocrx_word' id='word_1_22' title='bbox 392 559 455 618; x_wconf 84' lang='lat' dir='ltr'>filix</span> <span class='ocrx_word' id='word_1_23' title='bbox 467 560 622 618; x_wconf 84' lang='lat' dir='ltr'>innascitur</span> <span class='ocrx_word' id='word_1_24' title='bbox 635 559 716 638; x_wconf 84' lang='lat' dir='ltr'>agn’s.</span> 
     </span>
    </p>

    <p class='ocr_par' dir='ltr' id='par_1_2' title="bbox 114 663 791 742">
     <span class='ocr_line' id='line_1_5' title="bbox 114 663 791 742; baseline -0.003 -20"><span class='ocrx_word' id='word_1_25' title='bbox 114 665 185 722; x_wconf 89' lang='lat' dir='ltr'>Illuc</span> <span class='ocrx_word' id='word_1_26' title='bbox 198 669 413 742; x_wconf 79' lang='lat' dir='ltr'>praeve&#39;rtamur3</span> <span class='ocrx_word' id='word_1_27' title='bbox 435 673 590 721; x_wconf 85' lang='lat' dir='ltr'><strong>amatorem</strong></span> <span class='ocrx_word' id='word_1_28' title='bbox 603 664 680 738; x_wconf 93' lang='lat' dir='ltr'>quod</span> <span class='ocrx_word' id='word_1_29' title='bbox 693 663 791 721; x_wconf 84' lang='lat' dir='ltr'>anricae</span> 
     </span>
    </p>

    <p class='ocr_par' dir='ltr' id='par_1_3' title="bbox 115 765 914 1043">
     <span class='ocr_line' id='line_1_6' title="bbox 115 765 914 843; baseline 0.001 -20"><span class='ocrx_word' id='word_1_30' title='bbox 115 767 222 843; x_wconf 85' lang='lat' dir='ltr'>Turpia</span> <span class='ocrx_word' id='word_1_31' title='bbox 238 767 385 843; x_wconf 89' lang='lat' dir='ltr'>decipiunt</span> <span class='ocrx_word' id='word_1_32' title='bbox 397 786 505 824; x_wconf 77' lang='lat' dir='ltr'>caecum</span> <span class='ocrx_word' id='word_1_33' title='bbox 517 765 596 836; x_wconf 83' lang='lat' dir='ltr'>vitia,</span> <span class='ocrx_word' id='word_1_34' title='bbox 617 773 667 824; x_wconf 89' lang='lat' dir='ltr'>aut</span> <span class='ocrx_word' id='word_1_35' title='bbox 679 766 767 824; x_wconf 88' lang='lat' dir='ltr'>etiam</span> <span class='ocrx_word' id='word_1_36' title='bbox 779 766 838 842; x_wconf 85' lang='lat' dir='ltr'>ipsa</span> <span class='ocrx_word' id='word_1_37' title='bbox 852 767 914 824; x_wconf 89' lang='lat' dir='ltr'>haec</span> 
     </span>
     <span class='ocr_line' id='line_1_7' title="bbox 116 869 823 946; baseline 0 -19"><span class='ocrx_word' id='word_1_38' title='bbox 116 870 282 941; x_wconf 58' lang='lat' dir='ltr'>DeleRant3</span> <span class='ocrx_word' id='word_1_39' title='bbox 304 869 393 927; x_wconf 88' lang='lat' dir='ltr'>veluti</span> <span class='ocrx_word' id='word_1_40' title='bbox 405 869 557 926; x_wconf 87' lang='lat' dir='ltr'>Balbinum</span> <span class='ocrx_word' id='word_1_41' title='bbox 569 870 689 945; x_wconf 90' lang='lat' dir='ltr'>polypus</span> <span class='ocrx_word' id='word_1_42' title='bbox 701 869 823 946; x_wconf 80' lang='lat' dir='ltr'>Hagnae.</span> 
     </span>
     <span class='ocr_line' id='line_1_8' title="bbox 116 971 748 1043; baseline 0.002 -15"><span class='ocrx_word' id='word_1_43' title='bbox 116 971 228 1030; x_wconf 88' lang='lat' dir='ltr'>Vellem</span> <span class='ocrx_word' id='word_1_44' title='bbox 240 972 272 1028; x_wconf 91' lang='lat' dir='ltr'>in</span> <span class='ocrx_word' id='word_1_45' title='bbox 285 971 410 1030; x_wconf 69' lang='lat' dir='ltr'>anricitib</span> <span class='ocrx_word' id='word_1_46' title='bbox 424 972 460 1029; x_wconf 88' lang='lat' dir='ltr'>fic</span> <span class='ocrx_word' id='word_1_47' title='bbox 473 991 626 1030; x_wconf 86' lang='lat' dir='ltr'>erraremus</span> <span class='ocrx_word' id='word_1_48' title='bbox 633 997 641 1043; x_wconf 80' lang='lat' dir='ltr'>i</span> <span class='ocrx_word' id='word_1_49' title='bbox 663 979 693 1028; x_wconf 90' lang='lat' dir='ltr'>et</span> <span class='ocrx_word' id='word_1_50' title='bbox 704 971 748 1029; x_wconf 87' lang='lat' dir='ltr'>isti</span> 
     </span>
    </p>

    <p class='ocr_par' dir='ltr' id='par_1_4' title="bbox 117 1074 744 1150">
     <span class='ocr_line' id='line_1_9' title="bbox 117 1074 744 1150; baseline -0.003 -18"><span class='ocrx_word' id='word_1_51' title='bbox 117 1075 211 1132; x_wconf 83' lang='lat' dir='ltr'>Errori</span> <span class='ocrx_word' id='word_1_52' title='bbox 222 1093 326 1132; x_wconf 91' lang='lat' dir='ltr'>nomen</span> <span class='ocrx_word' id='word_1_53' title='bbox 339 1074 427 1131; x_wconf 87' lang='lat' dir='ltr'>virtus</span> <span class='ocrx_word' id='word_1_54' title='bbox 440 1074 570 1150; x_wconf 78' lang='lat' dir='ltr'>posuisset</span> <span class='ocrx_word' id='word_1_55' title='bbox 583 1075 744 1132; x_wconf 84' lang='lat' dir='ltr'>honestum!</span> 
     </span>
    </p>

    <p class='ocr_par' dir='ltr' id='par_1_5' title="bbox 117 1176 778 1254">
     <span class='ocr_line' id='line_1_10' title="bbox 117 1176 778 1254; baseline 0.002 -21"><span class='ocrx_word' id='word_1_56' title='bbox 117 1179 168 1249; x_wconf 89' lang='lat' dir='ltr'>At,</span> <span class='ocrx_word' id='word_1_57' title='bbox 181 1186 308 1254; x_wconf 78' lang='lat' dir='ltr'>poterut</span> <span class='ocrx_word' id='word_1_58' title='bbox 321 1176 410 1253; x_wconf 83' lang='lat' dir='ltr'>gnati,</span> <span class='ocrx_word' id='word_1_59' title='bbox 425 1177 462 1233; x_wconf 88' lang='lat' dir='ltr'>fic</span> <span class='ocrx_word' id='word_1_60' title='bbox 475 1197 525 1234; x_wconf 93' lang='lat' dir='ltr'>nos</span> <span class='ocrx_word' id='word_1_61' title='bbox 538 1179 671 1234; x_wconf 89' lang='lat' dir='ltr'>debemus</span> <span class='ocrx_word' id='word_1_62' title='bbox 685 1177 778 1248; x_wconf 88' lang='lat' dir='ltr'>amici,</span> 
     </span>
    </p>

    <p class='ocr_par' dir='ltr' id='par_1_6' title="bbox 117 1279 924 1556">
     <span class='ocr_line' id='line_1_11' title="bbox 119 1279 811 1356; baseline 0 -20"><span class='ocrx_word' id='word_1_63' title='bbox 119 1279 147 1336; x_wconf 92' lang='lat' dir='ltr'>Si</span> <span class='ocrx_word' id='word_1_64' title='bbox 160 1280 238 1356; x_wconf 91' lang='lat' dir='ltr'>quod</span> <span class='ocrx_word' id='word_1_65' title='bbox 251 1279 285 1336; x_wconf 86' lang='lat' dir='ltr'>fit</span> <span class='ocrx_word' id='word_1_66' title='bbox 297 1279 410 1349; x_wconf 85' lang='lat' dir='ltr'>vitium,</span> <span class='ocrx_word' id='word_1_67' title='bbox 424 1299 481 1337; x_wconf 93' lang='lat' dir='ltr'>non</span> <span class='ocrx_word' id='word_1_68' title='bbox 494 1279 630 1336; x_wconf 84' lang='lat' dir='ltr'>fastidire:</span> <span class='ocrx_word' id='word_1_69' title='bbox 653 1280 811 1337; x_wconf 88' lang='lat' dir='ltr'>strabonem</span> 
     </span>
     <span class='ocr_line' id='line_1_12' title="bbox 117 1365 924 1458; baseline -0.005 -16"><span class='ocrx_word' id='word_1_70' title='bbox 117 1382 255 1458; x_wconf 86' lang='lat' dir='ltr'>Appellat</span> <span class='ocrx_word' id='word_1_71' title='bbox 267 1384 376 1440; x_wconf 85' lang='lat' dir='ltr'>Paetum</span> <span class='ocrx_word' id='word_1_72' title='bbox 388 1389 481 1458; x_wconf 78' lang='lat' dir='ltr'>pater3</span> <span class='ocrx_word' id='word_1_73' title='bbox 503 1391 532 1440; x_wconf 89' lang='lat' dir='ltr'>et</span> <span class='ocrx_word' id='word_1_74' title='bbox 545 1383 666 1452; x_wconf 88' lang='lat' dir='ltr'>Pullum,</span> <span class='ocrx_word' id='word_1_75' title='bbox 680 1383 754 1439; x_wconf 81' lang='lat' dir='ltr'>male</span> <span class='ocrx_word' id='word_1_76' title='bbox 766 1365 867 1458; x_wconf 78' lang='lat' dir='ltr'>panus</span> <span class='ocrx_word' id='word_1_77' title='bbox 923 1398 924 1402; x_wconf 72' lang='grc'>’</span> 
     </span>
     <span class='ocr_line' id='line_1_13' title="bbox 120 1482 716 1556; baseline 0 -14"><span class='ocrx_word' id='word_1_78' title='bbox 120 1485 148 1542; x_wconf 93' lang='lat' dir='ltr'>Si</span> <span class='ocrx_word' id='word_1_79' title='bbox 161 1485 209 1542; x_wconf 92' lang='lat' dir='ltr'>cui</span> <span class='ocrx_word' id='word_1_80' title='bbox 222 1485 297 1542; x_wconf 86' lang='lat' dir='ltr'>filius</span> <span class='ocrx_word' id='word_1_81' title='bbox 311 1485 358 1556; x_wconf 89' lang='lat' dir='ltr'>est,</span> <span class='ocrx_word' id='word_1_82' title='bbox 366 1482 369 1488; x_wconf 77' lang='grc'><strong>’</strong></span> <span class='ocrx_word' id='word_1_83' title='bbox 378 1495 411 1541; x_wconf 85' lang='lat' dir='ltr'>ut</span> <span class='ocrx_word' id='word_1_84' title='bbox 425 1485 566 1542; x_wconf 79' lang='lat' dir='ltr'>abortivus</span> <span class='ocrx_word' id='word_1_85' title='bbox 579 1485 635 1541; x_wconf 87' lang='lat' dir='ltr'>suit</span> <span class='ocrx_word' id='word_1_86' title='bbox 645 1484 716 1542; x_wconf 87' lang='lat' dir='ltr'>olim</span> 
     </span>
    </p>

    <p class='ocr_par' dir='ltr' id='par_1_7' title="bbox 120 1587 898 1868">
     <span class='ocr_line' id='line_1_14' title="bbox 120 1587 898 1666; baseline -0.001 -21"><span class='ocrx_word' id='word_1_87' title='bbox 120 1587 267 1666; x_wconf 80' lang='lat' dir='ltr'>Sisyphus:</span> <span class='ocrx_word' id='word_1_88' title='bbox 290 1589 376 1656; x_wconf 85' lang='lat' dir='ltr'>hunc,</span> <span class='ocrx_word' id='word_1_89' title='bbox 390 1589 508 1658; x_wconf 83' lang='lat' dir='ltr'>Varum,</span> <span class='ocrx_word' id='word_1_90' title='bbox 523 1587 643 1644; x_wconf 86' lang='lat' dir='ltr'>distortis</span> <span class='ocrx_word' id='word_1_91' title='bbox 654 1587 793 1659; x_wconf 81' lang='lat' dir='ltr'>cruribus3</span> <span class='ocrx_word' id='word_1_92' title='bbox 815 1587 898 1645; x_wconf 91' lang='lat' dir='ltr'>illum</span> 
     </span>
     <span class='ocr_line' id='line_1_15' title="bbox 120 1689 814 1770; baseline -0.001 -22"><span class='ocrx_word' id='word_1_93' title='bbox 120 1691 248 1748; x_wconf 90' lang='lat' dir='ltr'>Balbutit</span> <span class='ocrx_word' id='word_1_94' title='bbox 261 1691 406 1760; x_wconf 87' lang='lat' dir='ltr'>Scaurum,</span> <span class='ocrx_word' id='word_1_95' title='bbox 419 1689 510 1766; x_wconf 83' lang='lat' dir='ltr'>pravis</span> <span class='ocrx_word' id='word_1_96' title='bbox 523 1689 630 1747; x_wconf 88' lang='lat' dir='ltr'>fultum</span> <span class='ocrx_word' id='word_1_97' title='bbox 640 1690 714 1747; x_wconf 87' lang='lat' dir='ltr'>male</span> <span class='ocrx_word' id='word_1_98' title='bbox 727 1691 800 1748; x_wconf 87' lang='lat' dir='ltr'>talis.</span> <span class='ocrx_word' id='word_1_99' title='bbox 812 1765 814 1770; x_wconf 69' lang='lat'>,</span> 
     </span>
     <span class='ocr_line' id='line_1_16' title="bbox 120 1792 764 1868; baseline -0.002 -18"><span class='ocrx_word' id='word_1_100' title='bbox 120 1793 232 1850; x_wconf 88' lang='lat' dir='ltr'>Parcius</span> <span class='ocrx_word' id='word_1_101' title='bbox 247 1793 294 1850; x_wconf 91' lang='lat' dir='ltr'>hic</span> <span class='ocrx_word' id='word_1_102' title='bbox 307 1792 394 1850; x_wconf 85' lang='lat' dir='ltr'>vivit?</span> <span class='ocrx_word' id='word_1_103' title='bbox 416 1793 493 1868; x_wconf 87' lang='lat' dir='ltr'>frugi</span> <span class='ocrx_word' id='word_1_104' title='bbox 507 1792 630 1850; x_wconf 86' lang='lat' dir='ltr'>dicatur:</span> <span class='ocrx_word' id='word_1_105' title='bbox 652 1792 764 1868; x_wconf 86' lang='lat' dir='ltr'>ineptus</span> 
     </span>
    </p>

    <p class='ocr_par' dir='ltr' id='par_1_8' title="bbox 122 1896 927 2179">
     <span class='ocr_line' id='line_1_17' title="bbox 122 1896 828 1974; baseline 0 -20"><span class='ocrx_word' id='word_1_106' title='bbox 122 1899 159 1954; x_wconf 87' lang='lat' dir='ltr'>Et</span> <span class='ocrx_word' id='word_1_107' title='bbox 168 1897 320 1974; x_wconf 70' lang='lat' dir='ltr'>instantior</span> <span class='ocrx_word' id='word_1_108' title='bbox 331 1897 379 1954; x_wconf 90' lang='lat' dir='ltr'>hic</span> <span class='ocrx_word' id='word_1_109' title='bbox 391 1897 476 1973; x_wconf 88' lang='lat' dir='ltr'>paulo</span> <span class='ocrx_word' id='word_1_110' title='bbox 488 1897 543 1954; x_wconf 87' lang='lat' dir='ltr'>est?</span> <span class='ocrx_word' id='word_1_111' title='bbox 565 1896 718 1954; x_wconf 89' lang='lat' dir='ltr'>concinnus</span> <span class='ocrx_word' id='word_1_112' title='bbox 731 1897 828 1954; x_wconf 88' lang='lat' dir='ltr'>amicis</span> 
     </span>
     <span class='ocr_line' id='line_1_18' title="bbox 122 1999 853 2076; baseline -0.001 -18"><span class='ocrx_word' id='word_1_113' title='bbox 122 2000 245 2058; x_wconf 82' lang='lat' dir='ltr'>Postulat</span> <span class='ocrx_word' id='word_1_114' title='bbox 257 2008 291 2057; x_wconf 91' lang='lat' dir='ltr'>ut</span> <span class='ocrx_word' id='word_1_115' title='bbox 303 1999 444 2060; x_wconf 89' lang='lat' dir='ltr'>videatur:</span> <span class='ocrx_word' id='word_1_116' title='bbox 467 2009 496 2056; x_wconf 89' lang='lat' dir='ltr'>at</span> <span class='ocrx_word' id='word_1_117' title='bbox 509 2001 548 2057; x_wconf 89' lang='lat' dir='ltr'>est</span> <span class='ocrx_word' id='word_1_118' title='bbox 562 1999 753 2071; x_wconf 85' lang='lat' dir='ltr'>truculentior,</span> <span class='ocrx_word' id='word_1_119' title='bbox 768 2010 853 2076; x_wconf 88' lang='lat' dir='ltr'>atque</span> 
     </span>
     <span class='ocr_line' id='line_1_19' title="bbox 122 2083 927 2179; baseline -0.002 -19"><span class='ocrx_word' id='word_1_120' title='bbox 122 2103 188 2161; x_wconf 92' lang='lat' dir='ltr'>Plus</span> <span class='ocrx_word' id='word_1_121' title='bbox 201 2123 283 2178; x_wconf 82' lang='lat' dir='ltr'>aequo</span> <span class='ocrx_word' id='word_1_122' title='bbox 295 2103 382 2160; x_wconf 85' lang='lat' dir='ltr'>liber?</span> <span class='ocrx_word' id='word_1_123' title='bbox 404 2103 521 2179; x_wconf 86' lang='lat' dir='ltr'>fimplex</span> <span class='ocrx_word' id='word_1_124' title='bbox 534 2103 669 2178; x_wconf 90' lang='lat' dir='ltr'>fortisque</span> <span class='ocrx_word' id='word_1_125' title='bbox 680 2103 831 2160; x_wconf 86' lang='lat' dir='ltr'>habeatur:</span> <span class='ocrx_word' id='word_1_126' title='bbox 925 2083 927 2088; x_wconf 28' lang='grc' dir='ltr'>Ι</span> 
     </span>
    </p>
   </div>
   <div class='ocr_carea' id='block_1_2' title="bbox 42 2205 933 2898">
    <p class='ocr_par' dir='ltr' id='par_1_9' title="bbox 124 2205 809 2282">
     <span class='ocr_line' id='line_1_20' title="bbox 124 2205 809 2282; baseline -0.001 -19"><span class='ocrx_word' id='word_1_127' title='bbox 124 2205 240 2264; x_wconf 87' lang='lat' dir='ltr'>Caldior</span> <span class='ocrx_word' id='word_1_128' title='bbox 251 2207 306 2263; x_wconf 84' lang='lat' dir='ltr'>est?</span> <span class='ocrx_word' id='word_1_129' title='bbox 328 2225 403 2262; x_wconf 83' lang='lat' dir='ltr'>acres</span> <span class='ocrx_word' id='word_1_130' title='bbox 415 2205 490 2262; x_wconf 88' lang='lat' dir='ltr'>inter</span> <span class='ocrx_word' id='word_1_131' title='bbox 502 2215 678 2262; x_wconf 85' lang='lat' dir='ltr'>numeretur:</span> <span class='ocrx_word' id='word_1_132' title='bbox 700 2206 809 2282; x_wconf 90' lang='lat' dir='ltr'>opinor,</span> 
     </span>
    </p>

    <p class='ocr_par' dir='ltr' id='par_1_10' title="bbox 124 2294 929 2486">
     <span class='ocr_line' id='line_1_21' title="bbox 124 2294 929 2384; baseline -0.002 -17"><span class='ocrx_word' id='word_1_133' title='bbox 124 2309 195 2366; x_wconf 83' lang='lat' dir='ltr'>Haec</span> <span class='ocrx_word' id='word_1_134' title='bbox 208 2328 251 2366; x_wconf 90' lang='lat' dir='ltr'>res</span> <span class='ocrx_word' id='word_1_135' title='bbox 263 2317 292 2365; x_wconf 90' lang='lat' dir='ltr'>et</span> <span class='ocrx_word' id='word_1_136' title='bbox 302 2307 408 2384; x_wconf 84' lang='lat' dir='ltr'>jungit,</span> <span class='ocrx_word' id='word_1_137' title='bbox 424 2306 536 2383; x_wconf 73' lang='lat' dir='ltr'>junbtos</span> <span class='ocrx_word' id='word_1_138' title='bbox 549 2316 578 2364; x_wconf 89' lang='lat' dir='ltr'>et</span> <span class='ocrx_word' id='word_1_139' title='bbox 590 2307 689 2378; x_wconf 89' lang='lat' dir='ltr'>servat,</span> <span class='ocrx_word' id='word_1_140' title='bbox 709 2309 822 2366; x_wconf 85' lang='lat' dir='ltr'>amieos.</span> <span class='ocrx_word' id='word_1_141' title='bbox 927 2294 929 2300; x_wconf 12' lang='grc' dir='ltr'>ἲ</span> 
     </span>
     <span class='ocr_line' id='line_1_22' title="bbox 125 2410 738 2486; baseline -0.005 -17"><span class='ocrx_word' id='word_1_142' title='bbox 125 2413 168 2469; x_wconf 85' lang='lat' dir='ltr'>At</span> <span class='ocrx_word' id='word_1_143' title='bbox 181 2432 232 2470; x_wconf 91' lang='lat' dir='ltr'>nos</span> <span class='ocrx_word' id='word_1_144' title='bbox 244 2410 361 2468; x_wconf 88' lang='lat' dir='ltr'>virtutes</span> <span class='ocrx_word' id='word_1_145' title='bbox 373 2411 445 2486; x_wconf 89' lang='lat' dir='ltr'>ipsas</span> <span class='ocrx_word' id='word_1_146' title='bbox 458 2410 631 2481; x_wconf 88' lang='lat' dir='ltr'>invertimus,</span> <span class='ocrx_word' id='word_1_147' title='bbox 653 2419 738 2486; x_wconf 86' lang='lat' dir='ltr'>atque</span> 
     </span>
    </p>

    <p class='ocr_par' dir='ltr' id='par_1_11' title="bbox 42 2497 933 2898">
     <span class='ocr_line' id='line_1_23' title="bbox 126 2497 933 2598; baseline -0.001 -26"><span class='ocrx_word' id='word_1_148' title='bbox 126 2515 273 2572; x_wconf 89' lang='lat' dir='ltr'>Sincerum</span> <span class='ocrx_word' id='word_1_149' title='bbox 285 2513 414 2590; x_wconf 89' lang='lat' dir='ltr'>cupimus</span> <span class='ocrx_word' id='word_1_150' title='bbox 426 2533 474 2570; x_wconf 85' lang='lat' dir='ltr'>vas</span> <span class='ocrx_word' id='word_1_151' title='bbox 486 2513 644 2570; x_wconf 88' lang='lat' dir='ltr'>incrustare.</span> <span class='ocrx_word' id='word_1_152' title='bbox 684 2515 788 2570; x_wconf 90' lang='lat' dir='ltr'>Probus</span> <span class='ocrx_word' id='word_1_153' title='bbox 802 2513 864 2590; x_wconf 90' lang='lat' dir='ltr'>quis</span> <span class='ocrx_word' id='word_1_154' title='bbox 925 2497 933 2598; x_wconf 59' lang='lat' dir='ltr'>f</span> 
     </span>
     <span class='ocr_line' id='line_1_24' title="bbox 126 2615 903 2678; baseline -0.004 -2"><span class='ocrx_word' id='word_1_155' title='bbox 126 2617 286 2676; x_wconf 88' lang='lat' dir='ltr'>Nobiscum</span> <span class='ocrx_word' id='word_1_156' title='bbox 298 2616 384 2673; x_wconf 80' lang='lat' dir='ltr'>vivit?</span> <span class='ocrx_word' id='word_1_157' title='bbox 406 2618 531 2673; x_wconf 92' lang='lat' dir='ltr'>multum</span> <span class='ocrx_word' id='word_1_158' title='bbox 543 2617 582 2674; x_wconf 85' lang='lat' dir='ltr'>est</span> <span class='ocrx_word' id='word_1_159' title='bbox 595 2615 725 2678; x_wconf 79' lang='lat' dir='ltr'>demissus</span> <span class='ocrx_word' id='word_1_160' title='bbox 738 2617 838 2674; x_wconf 91' lang='lat' dir='ltr'>homo:</span> <span class='ocrx_word' id='word_1_161' title='bbox 860 2617 903 2674; x_wconf 89' lang='lat' dir='ltr'>illi</span> 
     </span>
     <span class='ocr_line' id='line_1_25' title="bbox 125 2718 924 2796; baseline 0.003 -20"><span class='ocrx_word' id='word_1_162' title='bbox 125 2721 231 2789; x_wconf 85' lang='lat' dir='ltr'>Tardo,</span> <span class='ocrx_word' id='word_1_163' title='bbox 250 2738 408 2795; x_wconf 85' lang='lat' dir='ltr'>cognomen</span> <span class='ocrx_word' id='word_1_164' title='bbox 420 2718 520 2796; x_wconf 85' lang='lat' dir='ltr'>pingui</span> <span class='ocrx_word' id='word_1_165' title='bbox 534 2720 646 2775; x_wconf 86' lang='lat' dir='ltr'>damus:</span> <span class='ocrx_word' id='word_1_166' title='bbox 670 2719 717 2776; x_wconf 92' lang='lat' dir='ltr'>hie</span> <span class='ocrx_word' id='word_1_167' title='bbox 729 2719 805 2796; x_wconf 87' lang='lat' dir='ltr'>sugit</span> <span class='ocrx_word' id='word_1_168' title='bbox 825 2739 924 2778; x_wconf 78' lang='lat' dir='ltr'>omnes</span> 
     </span>
     <span class='ocr_line' id='line_1_26' title="bbox 42 2819 818 2898; baseline -0.003 -18"><span class='ocrx_word' id='word_1_169' title='bbox 42 2819 47 2825; x_wconf 76' lang='grc'><strong>’</strong></span> <span class='ocrx_word' id='word_1_170' title='bbox 127 2821 253 2892; x_wconf 80' lang='lat' dir='ltr'>Insidias,</span> <span class='ocrx_word' id='word_1_171' title='bbox 268 2822 395 2897; x_wconf 91' lang='lat' dir='ltr'>nullique</span> <span class='ocrx_word' id='word_1_172' title='bbox 407 2823 484 2880; x_wconf 86' lang='lat' dir='ltr'>malo</span> <span class='ocrx_word' id='word_1_173' title='bbox 495 2821 567 2878; x_wconf 87' lang='lat' dir='ltr'>latus</span> <span class='ocrx_word' id='word_1_174' title='bbox 580 2820 660 2878; x_wconf 90' lang='lat' dir='ltr'>obdit</span> <span class='ocrx_word' id='word_1_175' title='bbox 673 2823 818 2898; x_wconf 85' lang='lat' dir='ltr'>apertum?</span> 
     </span>
    </p>
   </div>
   <div class='ocr_carea' id='block_1_3' title="bbox 130 2923 896 3204">
    <p class='ocr_par' dir='ltr' id='par_1_12' title="bbox 130 2923 896 3204">
     <span class='ocr_line' id='line_1_27' title="bbox 130 2923 859 3001; baseline -0.003 -19"><span class='ocrx_word' id='word_1_176' title='bbox 130 2926 220 3000; x_wconf 88' lang='lat' dir='ltr'>(Cum</span> <span class='ocrx_word' id='word_1_177' title='bbox 233 2943 320 3001; x_wconf 86' lang='lat' dir='ltr'>genus</span> <span class='ocrx_word' id='word_1_178' title='bbox 333 2925 388 2982; x_wconf 93' lang='lat' dir='ltr'>hoc</span> <span class='ocrx_word' id='word_1_179' title='bbox 400 2925 474 2982; x_wconf 89' lang='lat' dir='ltr'>inter</span> <span class='ocrx_word' id='word_1_180' title='bbox 486 2925 552 2981; x_wconf 88' lang='lat' dir='ltr'>vitae</span> <span class='ocrx_word' id='word_1_181' title='bbox 562 2925 713 2993; x_wconf 87' lang='lat' dir='ltr'>versemur,</span> <span class='ocrx_word' id='word_1_182' title='bbox 726 2923 777 2980; x_wconf 92' lang='lat' dir='ltr'>ubi</span> <span class='ocrx_word' id='word_1_183' title='bbox 790 2923 859 2980; x_wconf 83' lang='lat' dir='ltr'>acris</span> 
     </span>
     <span class='ocr_line' id='line_1_28' title="bbox 130 3026 896 3104; baseline 0.001 -20"><span class='ocrx_word' id='word_1_184' title='bbox 130 3027 250 3096; x_wconf 84' lang='lat' dir='ltr'>Invidia,</span> <span class='ocrx_word' id='word_1_185' title='bbox 265 3037 349 3102; x_wconf 87' lang='lat' dir='ltr'>atque</span> <span class='ocrx_word' id='word_1_186' title='bbox 361 3027 459 3104; x_wconf 84' lang='lat' dir='ltr'>vigent</span> <span class='ocrx_word' id='word_1_187' title='bbox 472 3027 522 3083; x_wconf 92' lang='lat' dir='ltr'>ubi</span> <span class='ocrx_word' id='word_1_188' title='bbox 533 3026 664 3094; x_wconf 86' lang='lat' dir='ltr'>crimina)</span> <span class='ocrx_word' id='word_1_189' title='bbox 678 3045 728 3102; x_wconf 90' lang='lat' dir='ltr'>pro</span> <span class='ocrx_word' id='word_1_190' title='bbox 742 3027 813 3083; x_wconf 89' lang='lat' dir='ltr'>bene</span> <span class='ocrx_word' id='word_1_191' title='bbox 827 3027 896 3085; x_wconf 86' lang='lat' dir='ltr'>sano</span> 
     </span>
     <span class='ocr_line' id='line_1_29' title="bbox 131 3121 845 3204; baseline 0.003 -18"><span class='ocrx_word' id='word_1_192' title='bbox 131 3129 177 3187; x_wconf 86' lang='lat' dir='ltr'>Ac</span> <span class='ocrx_word' id='word_1_193' title='bbox 191 3149 248 3187; x_wconf 90' lang='lat' dir='ltr'>non</span> <span class='ocrx_word' id='word_1_194' title='bbox 261 3127 384 3202; x_wconf 80' lang='lat' dir='ltr'>incauto,</span> <span class='ocrx_word' id='word_1_195' title='bbox 401 3129 502 3189; x_wconf 65' lang='lat' dir='ltr'>fiscum</span> <span class='ocrx_word' id='word_1_196' title='bbox 514 3121 692 3204; x_wconf 72' lang='lat' dir='ltr'>astutumque</span> <span class='ocrx_word' id='word_1_197' title='bbox 704 3144 845 3188; x_wconf 82' lang='lat' dir='ltr'>vocamus.</span> 
     </span>
    </p>
   </div>
   <div class='ocr_carea' id='block_1_4' title="bbox 0 0 1147 3680">
    <p class='ocr_par' dir='ltr' id='par_1_13' title="bbox 0 0 1147 3680">
     <span class='ocr_line' id='line_1_30' title="bbox 0 0 1147 3680; baseline 0 0"><span class='ocrx_word' id='word_1_198' title='bbox 0 0 1147 3680; x_wconf 95' lang='lat' dir='ltr'> </span> 
     </span>
    </p>
   </div>
  </div>
 </body>
</html>
