2238 3686
202 215 257 268 1³8
414 215 782 286 EPISTULARUM,

202 337 300 394 Quem
314 337 381 396 tulit
393 341 429 398 ad
441 342 553 400 socnam
565 344 680 401 ventoso
694 340 790 402 Gloria
803 361 895 412 curru,

201 439 354 498 Exanimat
365 442 459 500 lentus
470 443 616 520 spetiator,
630 445 741 503 sedulus
753 445 850 503 inflati

201 543 246 602 Sic
258 543 328 613 leve,
347 543 385 602 fic
397 564 516 621 parsum
527 548 576 619 cst,
595 548 723 606 animum
735 549 812 623 quod
826 547 917 606 laudis
929 564 991 606 ava·

277 665 342 703 rum

201 749 326 818 Subruit,
339 769 372 807 ac
384 750 483 808 reficit.
524 753 625 810 Valeat
638 772 681 811 ros
693 751 809 823 ludicra,
823 753 844 810 fi
857 772 905 810 me
1090 789 1091 826 r

200 852 296 909 Palma
308 863 411 930 negata
424 873 561 925 macrum,
577 855 683 913 donata
695 855 804 913 reducit
816 855 954 931 opimum.
1089 831 1091 842 ⁴

200 955 278 1031 Saepe
290 955 378 1012 etiam
389 956 525 1014 audacem
537 957 620 1034 fugat
632 958 686 1015 hoc
699 967 840 1033 terretque
851 957 974 1034 po‘e‘tam,

201 1061 289 1118 Quod
302 1078 420 1118 numero
431 1061 532 1136 plures,
545 1061 650 1119 virtute
663 1061 810 1118 ethonore
822 1060 955 1129 minores,

199 1162 320 1232 radoni,
334 1163 488 1239 stolidique,
502 1173 533 1222 et
545 1165 706 1242 depugnare
718 1164 810 1240 parati

200 1265 228 1324 Si
241 1265 379 1322 discordet
391 1285 484 1340 eques,
499 1265 592 1324 media
604 1264 680 1322 iuter
692 1265 817 1322 carmina
828 1265 949 1340 poscunt

198 1371 262 1427 Aut
272 1367 377 1438 ursum,
392 1377 441 1426 aut
451 1367 574 1445 pugiles:
590 1368 634 1425 his
644 1387 712 1425 nam
721 1367 867 1444 plebecula
879 1367 994 1444 gaudet.

173 1473 179 1493 ¹
199 1471 308 1528 Verum
317 1469 407 1547 equiti
417 1489 529 1546 quoque
534 1469 594 1546 jam
605 1469 737 1546 migravit
748 1471 784 1527 ab
792 1489 859 1528 aure
866 1471 996 1546 voluptas

198 1573 300 1631 Omnis
313 1574 349 1631 ad
360 1573 480 1630 incertos
491 1573 587 1630 oculos
599 1581 629 1631 et
641 1573 743 1649 gaudia
756 1592 836 1631 vana.
936 1556 939 1562 ¹

200 1678 345 1734 Quattuor
357 1685 407 1733 aut
418 1675 511 1751 plures
524 1675 612 1732 aulaea
627 1675 837 1750 promunturia
849 1675 941 1747 horas,

198 1779 278 1837 Dum
286 1777 402 1854 fugiunt
410 1776 539 1852 equitum
548 1787 657 1847 turmae,
666 1777 851 1854 peditumque
858 1787 992 1850 catervae3

199 1881 272 1939 Mox
286 1878 406 1937 trahitur
418 1878 548 1937 manibus
561 1897 662 1956 regum
674 1879 788 1938 fortuna
800 1880 928 1954 retortis3

198 1983 297 2042 Elleda
310 1981 450 2051 festinant,
464 1981 580 2056 pilenta,
594 1982 736 2057 petorrita,
750 2001 847 2056 navem

198 2085 352 2163 Captivum
365 2093 492 2161 portatur
504 2086 582 2156 ebur,
596 2083 705 2160 captiva
719 2085 881 2144 Corinthus.

199 2190 228 2247 si
239 2190 312 2246 foret
321 2189 352 2246 iu
366 2187 453 2257 terris,
466 2186 569 2245 rideret
582 2187 773 2246 Democritus:
796 2189 844 2246 seu

200 2293 350 2352 Diversum
363 2291 478 2350 confusa
491 2311 579 2369 genus
594 2293 733 2368 panthera
746 2295 862 2366 camelo,

199 2396 262 2454 Sive
273 2396 383 2472 elephas
396 2396 475 2453 albus
487 2395 566 2471 vulgi
580 2403 754 2454 converteret
766 2416 823 2467 ora,

200 2500 341 2576 spectaret
353 2498 489 2575 populum
501 2491 574 2554 ludis
586 2497 721 2555 attentius
733 2499 806 2575 ipsse,

199 2603 243 2660 Ut
255 2599 305 2658 fibi
319 2602 490 2675 praebentem
503 2599 592 2656 mimo
605 2600 760 2675 spedtacula
772 2602 869 2678 plura.-

199 2705 350 2781 Scriptores
361 2711 457 2760 autern
469 2721 580 2760 narrare
591 2713 705 2779 putaret
717 2705 800 2762 asello

199 2809 342 2868 Fabellam
354 2807 449 2864 surdo:
471 2825 539 2865 nam
549 2827 613 2883 quae
625 2807 786 2882 pervincere
795 2828 875 2866 voces

200 2912 335 2970 Evaluere
345 2910 454 2979 sonum,
468 2909 593 2966 referunt
606 2929 692 2985 quem
702 2911 792 2969 nostra
806 2911 931 2971 theatra?

200 3016 365 3090 Garganum
372 3011 483 3088 mugire
494 3021 575 3087 putes
586 3031 694 3084 nemus,
706 3021 754 3070 aut
765 3033 842 3071 mare
850 3015 976 3075 Tuscum
980 3040 989 3089 3

198 3117 295 3173 Tanto
305 3135 371 3172 cum
384 3115 498 3191 strepitu
508 3115 568 3173 ludi
581 3115 748 3191 spectantur,
761 3125 790 3176 et
803 3127 884 3191 artes,
