2242 3680
165 185 202 234 58
405 177 718 249 SERMONUM‚

163 305 206 362 Ni
220 313 268 362 tua
281 307 409 376 custodis,
424 307 521 364 avidus
529 307 591 384 jam
604 309 666 366 baec
680 309 788 366 auferet
799 306 897 364 haercs.

164 411 242 467 Men'
255 411 338 467 vivo?
360 411 403 468 Ut
415 411 492 469 vivas
506 411 603 488 igitur,
616 412 717 488 vigila:
734 411 787 468 hoc
799 431 860 487 age.
883 410 963 468 Quid

242 513 300 569 vis?

163 615 307 673 Deficient
320 615 435 692 inopem
448 637 528 675 venae
543 627 579 687 tc,
594 617 725 686 uicibus,
740 626 826 692 atque

165 721 268 795 Ingens
280 721 388 780 accedit
400 721 542 778 stomacho
556 721 664 778 fultura
674 719 776 778 ruenti.

162 823 209 878 Tu
220 823 321 879 cessas?
344 823 474 898 agedum,
490 823 569 880 sume
582 823 636 880 hoc
650 822 833 898 ptisanarium
846 841 949 898 oryzae.

165 925 276 982 Quanti
290 927 410 1000 emptae?
433 927 539 982 Parvo:
560 925 670 982 Quanti
683 927 767 1001 ergo?
791 926 964 983 Ostuffibus.

244 1029 336 1085 Eheu!

165 1130 245 1187 Quid
258 1131 352 1201 refert,
366 1133 474 1200 morbo,
490 1149 525 1186 an
540 1129 622 1187 furtis
635 1149 806 1207 pereamque
818 1130 943 1206 rapinis?

164 1233 306 1290 Quisnam
330 1232 419 1308 igitur
437 1232 534 1290 sanus?
569 1232 629 1290 Qui
648 1251 706 1289 non
728 1233 841 1290 stultus¹
882 1233 964 1290 Quid

241 1337 356 1393 avarus?

164 1440 271 1496 Stultus
284 1451 314 1497 et
326 1440 449 1497 insanus.
492 1439 592 1496 Quid?
615 1440 635 1496 fi
648 1440 710 1514 quis
724 1458 781 1496 non
795 1440 828 1496 fit
842 1457 951 1508 avarus,

163 1543 308 1600 Continuo
320 1544 418 1600 sanus?
441 1542 572 1599 Minime.
614 1543 682 1612 Cur,
698 1541 807 1598 Stoice?
829 1541 942 1599 Dicam.

163 1645 232 1700 Non
246 1646 284 1701 est
298 1645 459 1714 Cardianus,
473 1646 623 1702 Craterum
636 1644 735 1702 dixisse
747 1653 857 1720 putato,

162 1747 220 1803 Hic
234 1766 320 1822 aeger:
343 1747 417 1805 reste
430 1747 470 1803 est
482 1746 578 1822 igitur,
600 1747 768 1822 surgatque?
790 1747 907 1823 negabit
913 1772 921 1817 3

164 1850 252 1906 Quod
265 1849 346 1917 latus,
361 1857 412 1905 aut
423 1867 502 1905 renes
515 1851 614 1906 morbo
623 1858 774 1922 tentantur
786 1859 878 1906 acuto.

163 1953 232 2009 Non
246 1952 285 2008 est
298 1949 433 2027 perjurus,
448 1970 539 2026 neque
553 1950 692 2022 sordidus3
713 1952 844 2009 immolet
856 1951 944 2028 aequis

163 2054 221 2112 Hic
234 2074 352 2130 porcum
367 2055 497 2112 Laribus:
520 2074 620 2112 verum
633 2055 796 2113 ambitiosus
809 2067 838 2114 et
852 2059 946 2115 audax
951 2083 960 2128 3

164 2160 290 2236 Naviget
304 2159 487 2236 Anticyram:
504 2158 574 2234 quid
585 2162 663 2216 enirn
674 2159 778 2231 differt,
792 2159 963 2219 barathrone

164 2263 260 2320 Dones
274 2262 410 2338 quicquid
424 2261 519 2331 babeo,
534 2281 570 2318 an
584 2281 731 2337 nunquam
744 2272 827 2322 utare
839 2265 961 2341 paratis?

165 2366 274 2422 Servius
289 2365 428 2441 Oppidius
439 2365 545 2422 Canusi
559 2366 615 2422 duo
627 2365 742 2442 praedia,
758 2367 835 2424 dives

165 2467 295 2542 Antiquo
309 2467 402 2536 censu,
418 2466 490 2524 natis
504 2466 601 2523 divisse
614 2469 724 2526 duobus

166 2573 273 2640 Fertur,
287 2579 316 2626 et
328 2570 389 2626 haec
403 2570 525 2626 moriens
538 2569 631 2645 pueris
645 2570 743 2628 dixisse
755 2573 860 2630 vocatis

131 2677 133 2682 '
167 2676 215 2731 Ad
227 2673 347 2730 lebtum:
371 2672 519 2746 Postquam
533 2680 562 2728 te
575 2672 654 2742 talos,
668 2673 753 2744 Aule,
769 2693 911 2751 nucesque

167 2777 321 2835 Ferresmu
334 2776 407 2844 laxe,
422 2775 535 2844 donare,
550 2773 696 2832 effundere
709 2776 783 2847 vidi,

164 2882 217 2950 Te,
231 2879 336 2950 Tiberi,
351 2896 507 2947 numerare,
521 2877 595 2936 cauis
608 2863 776 2936 abscondere
789 2879 910 2938 tristem:

166 2982 295 3040 Extimui
308 3001 344 3039 ne
356 3001 404 3038 vos
418 2989 513 3056 ageret
526 2980 637 3052 vesania
650 2981 766 3052 discors,

164 3086 213 3142 Tu
226 3085 451 3155 Nomentanum,
465 3093 497 3140 tu
510 3103 546 3140 ne
559 3083 702 3159 sequerere
716 3084 856 3144 Cicutam.
