2238 3686
356 207 359 214 ’
417 211 511 287 trs.
537 207 576 287 11.
615 227 645 286 n.
874 217 929 282 trs

126 342 257 410 Alterius
271 350 397 410 sermone
410 374 501 412 meros
515 356 625 413 audiret
638 333 770 424 honores5

127 437 275 513 Gracchus
289 465 321 512 ut
334 456 381 513 hic
394 457 445 528 sui,
460 459 534 514 foret
547 457 614 514 huic
627 467 660 514 ut
671 456 786 514 Mucius
799 455 856 515 rue.
915 449 917 456 '
997 441 1000 454 “

126 557 189 614 Qui
203 557 297 614 minus
311 569 424 634 argutos
437 569 521 617 vexat
534 560 612 616 furor
624 560 673 616 istc
686 561 797 635 poetas?
885 567 887 572 ’

127 659 264 717 Carmina
278 673 426 736 compone,
441 662 488 718 hic
501 663 609 738 elegos.
650 661 784 718 Mirabile
798 641 867 730 visu,

125 745 328 840 Caelatumque
341 784 443 822 novem
454 766 544 822 Musis
557 785 635 841 opus,
651 765 740 841 aspice
753 763 887 840 primum,
913 749 915 760 ’

126 867 247 923 Quanto
261 858 328 923 cum
341 866 422 937 fastu,
437 877 544 943 quanto
557 867 704 926 molimine
717 867 838 924 circum·

125 968 298 1044 spectemus,
312 988 430 1027 vacuam
445 949 580 1028 Romanis
593 971 703 1028 vatibus
716 971 815 1027 aedem.

124 1072 199 1128 Mox
213 1071 310 1142 etiam,
324 1073 345 1128 fi
358 1072 432 1130 forte
445 1092 535 1142 vacas,
548 1072 672 1148 sequere,
686 1082 715 1130 et
726 1072 823 1148 procul
837 1071 913 1130 audi'

125 1174 206 1232 Quid
219 1175 301 1244 ferat,
315 1184 345 1232 et
358 1193 444 1251 quare
457 1174 507 1232 fibi
521 1177 615 1233 nectat
628 1183 747 1250 uterque
761 1194 902 1232 coronam.

124 1276 279 1346 Gaedimur,
292 1287 322 1334 et
337 1277 457 1334 totidem
467 1277 558 1354 plagis
571 1277 763 1352 consumimus
775 1277 891 1347 hostem,

123 1381 216 1437 Lento
230 1380 369 1438 Samnites
383 1381 419 1438 ad
431 1379 540 1436 lumina
554 1377 645 1455 prima
659 1379 761 1438 duello.

124 1481 246 1539 Discedo
260 1482 374 1539 Alcaeus
387 1482 492 1558 punsto
503 1481 591 1538 illius:
614 1481 663 1538 ille
675 1499 740 1538 meo
754 1480 832 1556 quis?

126 1584 209 1654 Quis,
224 1584 497 1642 nisr'Callimachus?
519 1583 539 1639 fi
552 1584 615 1660 plus
626 1583 773 1659 adposcere
786 1583 870 1654 visus,

124 1687 171 1744 Fit
183 1687 384 1758 Mimnermus,
397 1697 427 1744 et
440 1687 536 1763 optivo
547 1671 717 1762 cognomine
731 1685 837 1743 crescit.

122 1791 218 1848 Multa
232 1791 300 1862 fero,
314 1802 348 1848 ut
359 1791 469 1868 placem
483 1809 571 1866 genus
585 1789 720 1848 irritabile
734 1799 842 1860 vatum,

124 1895 201 1952 Cum
214 1894 312 1964 scribo,
326 1904 355 1951 et
368 1893 485 1970 supplex
497 1892 595 1969 populi
607 1891 740 1969 suffragia
754 1903 851 1968 capto:

122 1998 212 2067 Idem,
226 1996 315 2054 finitis
328 1995 423 2053 studiis
436 2005 466 2053 et
478 2003 575 2053 mente
587 1995 708 2070 recepts,

121 2099 288 2158 Obtundem
302 2099 411 2175 patulas
424 2099 541 2173 impune
554 2097 713 2173 legentibus
728 2100 826 2155 aures?

122 2203 269 2272 Ridentur,
283 2202 357 2258 mala
370 2200 420 2276 qui
431 2208 607 2275 componunt
620 2199 758 2256 carmina:
781 2219 880 2259 verum

120 2307 253 2363 Gaudent
266 2305 426 2373 scribentes,
440 2313 469 2360 et
482 2302 510 2360 se
523 2313 700 2372 venerantur,
714 2311 743 2359 et
757 2304 839 2374 ultro,

122 2409 150 2486 Si
164 2418 265 2478 taceas,
276 2409 404 2476 laudant,
418 2405 557 2482 quidquid
569 2405 708 2482 scripsere,
722 2405 806 2463 beati.

120 2514 172 2583 At,
187 2510 236 2586 qui
249 2509 411 2587 legitimum
424 2507 520 2584 cupiet
532 2507 626 2565 feciffe
638 2509 747 2582 polima,

121 2616 196 2672 Cum
211 2613 313 2671 tabulis
323 2611 451 2669 animum
465 2610 585 2668 censoris
598 2609 689 2667 sumet
702 2610 809 2669 honesti
817 2633 825 2682 3
852 2605 853 2608 ¹

120 2716 249 2776 Audebit
261 2731 437 2792 quaecunque
449 2731 549 2788 parum
562 2710 715 2787 splendoris
729 2712 883 2786 habebunt,

120 2821 157 2878 Et
171 2819 229 2876 sinc
241 2819 364 2894 pondere
377 2824 468 2884 erunt,
489 2822 518 2870 et
532 2813 637 2871 honore
650 2814 768 2891 indigna
779 2817 915 2889 ferentur,

119 2921 213 2980 Verba
226 2939 338 2977 movere
350 2919 422 2988 loco,
436 2915 565 2992 quamvis
578 2915 667 2974 invita
681 2919 821 2989 recedant,

120 3027 163 3083 Ut
176 3024 319 3082 versentur
327 3021 424 3079 'adhuc
436 3013 510 3076 intra
522 3018 675 3095 penetralia
689 3020 788 3079 Veslae.

117 3127 274 3186 obscurata
288 3117 337 3183 diu
350 3123 454 3202 populo
466 3123 557 3179 bonus
572 3130 649 3179 eruet
664 3113 748 3196 atque

158 3247 227 3288 vor..
243 3247 278 3286 11.
522 3241 539 3280 ι
