2242 3680
390 238 486 296 L1B.
521 241 560 298 ll.
601 241 631 298 ii.
877 249 917 310 49

102 357 163 416 Cui
176 361 267 418 Canis
279 381 316 420 ex
328 383 395 422 vero
407 367 525 426 dutum
538 386 698 444 cognomen
714 367 847 436 adhaeret,

102 464 323 540 Quinquennes
334 468 408 526 oleas
421 471 469 541 est,
490 481 520 528 et
533 469 662 527 silvestria
675 489 760 527 boma
767 495 775 540 ς

101 569 161 636 Ac,
176 568 233 624 nili
247 579 401 642 mutatum,
415 573 506 648 parcit
519 573 674 630 defundere
687 573 801 642 vinum;
822 583 852 630 et

101 669 197 746 Cujus
210 673 329 732 odorem
342 675 397 732 olei
410 694 532 752 nequeas
543 676 666 752 perferre
679 675 789 750 (licebit

99 774 157 832 Ille
171 776 292 851 repotia,
307 779 423 849 natales,
437 779 540 836 aliosve
553 778 664 836 dierum

99 876 208 949 Festos,
223 879 333 938 albatus
346 882 482 955 celebret)
497 899 584 938 cornu
597 881 655 957 ipse
669 881 764 938 bilibri

98 981 244 1038 Caulibus
256 983 382 1054 instillat,
394 984 496 1042 veteris
509 1003 567 1042 non
580 1003 679 1060 parcus
694 983 775 1040 aceti.

99 1083 196 1140 Quali
208 1083 298 1160 igitur
312 1086 387 1144 vitiu
401 1087 510 1163 sapiens
521 1089 634 1145 utetur?
656 1087 802 1144 ethorum

99 1185 213 1244 Utrum
234 1187 412 1246 imitabitur?
439 1189 492 1246 hle
513 1199 618 1265 urguet
640 1189 732 1267 lupus,
753 1190 807 1247 htc
825 1190 911 1262 canis,

182 1291 273 1348 aiunt.

97 1393 233 1451 Mundus
246 1394 309 1465 en't,
322 1395 379 1469 qud
391 1413 450 1452 non
464 1395 592 1452 offendat
605 1395 740 1466 sordidus,
754 1405 840 1471 atque

96 1497 134 1552 In
148 1506 283 1554 neutram
293 1510 402 1573 partem
417 1499 511 1555 cultris
529 1497 626 1555 miser:
649 1497 697 1553 hic
710 1517 802 1572 neque
815 1498 908 1570 servis,

97 1599 207 1656 Albuti
219 1599 292 1658 senis
305 1601 447 1676 exemplo,
460 1601 530 1657 dum
543 1599 642 1658 munia
656 1599 739 1668 didit,

97 1702 197 1760 Saevus
210 1702 279 1774 erit,
300 1721 402 1778 neque,
416 1702 487 1760 sicut
500 1702 619 1778 simplex
631 1701 758 1776 Naevius,
773 1703 889 1761 undam

96 1805 236 1862 Convivis
248 1805 386 1882 praebebit
397 1825 514 1880 aquam:
527 1804 693 1862 vitiumhoc
705 1823 907 1884 quoquemag-

179 1929 260 1968 num.

95 2013 209 2089 Accipe
222 2033 308 2084 nunc,
322 2013 412 2070 vietus
425 2013 518 2070 tenuis
530 2031 594 2087 quae
606 2022 768 2088 quantaque
779 2013 874 2072 secum

95 2116 220 2174 Afferat.
261 2117 295 2174 In
308 2115 407 2191 primis
420 2115 512 2172 valeas
526 2117 611 2184 bene3
634 2134 702 2172 narn
712 2115 796 2172 variae
807 2135 850 2173 res
943 2183 945 2188 Ι

95 2220 141 2276 Ut
151 2231 274 2276 noceant
287 2218 399 2275 homini
414 2219 510 2274 credas
523 2237 634 2274 memor
644 2217 721 2274 illius
734 2218 813 2287 escae‚

96 2323 174 2379 Ouae
188 2323 307 2397 simplex
320 2321 390 2378 olim
403 2319 456 2378 tibi
469 2319 583 2376 sederit:
606 2330 636 2376 at
649 2319 731 2376 simul
743 2319 807 2376 assis
894 2393 896 2398 Ι

94 2424 246 2482 Miscueris
260 2424 342 2494 elixa,
358 2421 440 2480 bmul
454 2421 603 2497 conchylia
615 2421 720 2492 turdis;

93 2525 199 2584 Dulcia
213 2526 285 2583 sein
299 2526 387 2584 bilem
398 2533 520 2592 vertent,
532 2523 731 2599 stomachoque
745 2526 903 2586 tumultum

94 2631 187 2688 Lenta
200 2629 273 2686 seret
285 2628 398 2705 pituita.
430 2627 518 2684 Vides
531 2637 565 2683 ut
577 2625 698 2702 pallidus
711 2627 816 2686 omnis'

92 2733 185 2790 Coent
198 2732 333 2808 desurgat
344 2730 447 2790 dubit?
473 2730 554 2788 Quin
567 2749 676 2805 corpus,
691 2732 824 2790 onustum

92 2832 239 2892 Hesternis
250 2833 334 2905 vitiis,
348 2833 480 2890 animum
492 2851 605 2907 quoque
611 2844 776 2910 praegravat
790 2853 855 2904 una,

92 2939 192 3012 Atque
205 2936 318 3013 adfligit
330 2936 418 2993 humo
432 2934 536 2994 divinae
548 2933 717 3009 particulam
730 2953 813 2992 aurae.

90 3041 184 3109 Alter,
197 3039 257 3110 ubi,
271 3039 347 3097 dicto
362 3039 446 3096 citius
459 3045 565 3106 curata,
580 3036 673 3112 sopori

90 3143 226 3201 Membra
236 3142 324 3214 dedit,
338 3151 455 3218 vegetus
468 3138 626 3215 praescripta
641 3138 678 3196 ad
690 3139 790 3198 munia
800 3140 898 3220 surgit.

153 3265 229 3306 vorss
244 3265 280 3303 11.
518 3261 534 3298 u
