<?xml version="1.0" encoding="UTF-8"?>
<!DOCTYPE html PUBLIC "-//W3C//DTD XHTML 1.0 Transitional//EN"
    "http://www.w3.org/TR/xhtml1/DTD/xhtml1-transitional.dtd">
<html xmlns="http://www.w3.org/1999/xhtml" xml:lang="en" lang="en">
 <head>
  <title>
</title>
<meta http-equiv="Content-Type" content="text/html;charset=utf-8" />
  <meta name='ocr-system' content='tesseract 3.04.00' />
  <meta name='ocr-capabilities' content='ocr_page ocr_carea ocr_par ocr_line ocrx_word'/>
</head>
<body>
  <div class='ocr_page' id='page_1' title='image "./qhoratiiflacci01horagoog_0043.png"; bbox 0 0 2242 3680; ppageno 0'>
   <div class='ocr_carea' id='block_1_1' title="bbox 181 225 731 296">
    <p class='ocr_par' dir='ltr' id='par_1_1' title="bbox 181 225 731 296">
     <span class='ocr_line' id='line_1_1' title="bbox 181 225 731 296; baseline 0 -12"><span class='ocrx_word' id='word_1_1' title='bbox 181 234 219 286; x_wconf 72' lang='lat'>32</span> <span class='ocrx_word' id='word_1_2' title='bbox 421 225 731 296; x_wconf 80' lang='lat' dir='ltr'>SBRMONUM,</span> 
     </span>
    </p>
   </div>
   <div class='ocr_carea' id='block_1_2' title="bbox 179 335 982 3198">
    <p class='ocr_par' dir='ltr' id='par_1_2' title="bbox 179 335 982 3198">
     <span class='ocr_line' id='line_1_2' title="bbox 179 335 846 424; baseline -0.003 -16"><span class='ocrx_word' id='word_1_3' title='bbox 179 351 342 422; x_wconf 80' lang='lat' dir='ltr'>Confidam,</span> <span class='ocrx_word' id='word_1_4' title='bbox 357 353 497 424; x_wconf 60' lang='lat' dir='ltr'>tumidum</span> <span class='ocrx_word' id='word_1_5' title='bbox 519 354 589 412; x_wconf 87' lang='lat' dir='ltr'>ade&#39;o</span> <span class='ocrx_word' id='word_1_6' title='bbox 602 352 736 410; x_wconf 86' lang='lat' dir='ltr'>sermonis</span> <span class='ocrx_word' id='word_1_7' title='bbox 749 335 846 419; x_wconf 81' lang='lat' dir='ltr'>amari,</span> 
     </span>
     <span class='ocr_line' id='line_1_3' title="bbox 180 434 938 532; baseline -0.003 -22"><span class='ocrx_word' id='word_1_8' title='bbox 180 453 318 523; x_wconf 78' lang='lat' dir='ltr'>sisennas,</span> <span class='ocrx_word' id='word_1_9' title='bbox 329 456 428 512; x_wconf 78' lang='lat' dir='ltr'>Barros</span> <span class='ocrx_word' id='word_1_10' title='bbox 441 434 475 514; x_wconf 85' lang='lat' dir='ltr'>ut</span> <span class='ocrx_word' id='word_1_11' title='bbox 484 456 563 532; x_wconf 87' lang='lat' dir='ltr'>equis</span> <span class='ocrx_word' id='word_1_12' title='bbox 575 463 756 531; x_wconf 85' lang='lat' dir='ltr'>praecurreret</span> <span class='ocrx_word' id='word_1_13' title='bbox 769 451 848 510; x_wconf 86' lang='lat' dir='ltr'>albis.</span> <span class='ocrx_word' id='word_1_14' title='bbox 936 447 938 452; x_wconf 78' lang='grc'><strong>’</strong></span> 
     </span>
     <span class='ocr_line' id='line_1_4' title="bbox 181 557 981 633; baseline -0.006 -20"><span class='ocrx_word' id='word_1_15' title='bbox 181 557 231 613; x_wconf 88' lang='lat' dir='ltr'>Ad</span> <span class='ocrx_word' id='word_1_16' title='bbox 244 557 352 632; x_wconf 86' lang='lat' dir='ltr'>Regem</span> <span class='ocrx_word' id='word_1_17' title='bbox 365 558 461 616; x_wconf 88' lang='lat' dir='ltr'>redeo:</span> <span class='ocrx_word' id='word_1_18' title='bbox 489 558 637 633; x_wconf 85' lang='lat' dir='ltr'>postquam</span> <span class='ocrx_word' id='word_1_19' title='bbox 649 557 722 614; x_wconf 89' lang='lat' dir='ltr'>nihil</span> <span class='ocrx_word' id='word_1_20' title='bbox 737 557 813 614; x_wconf 86' lang='lat' dir='ltr'>inter</span> <span class='ocrx_word' id='word_1_21' title='bbox 824 559 981 627; x_wconf 71' lang='lat' dir='ltr'>utriunque</span> 
     </span>
     <span class='ocr_line' id='line_1_5' title="bbox 182 655 917 735; baseline -0.003 -19"><span class='ocrx_word' id='word_1_22' title='bbox 182 658 325 716; x_wconf 85' lang='lat' dir='ltr'>Convenit</span> <span class='ocrx_word' id='word_1_23' title='bbox 339 659 406 733; x_wconf 82' lang='lat' dir='ltr'>(hoc</span> <span class='ocrx_word' id='word_1_24' title='bbox 417 659 524 718; x_wconf 85' lang='lat' dir='ltr'>etenim</span> <span class='ocrx_word' id='word_1_25' title='bbox 537 661 602 717; x_wconf 87' lang='lat' dir='ltr'>sunt</span> <span class='ocrx_word' id='word_1_26' title='bbox 614 679 712 717; x_wconf 86' lang='lat' dir='ltr'>omnes</span> <span class='ocrx_word' id='word_1_27' title='bbox 721 657 785 735; x_wconf 85' lang='lat' dir='ltr'>jure</span> <span class='ocrx_word' id='word_1_28' title='bbox 796 655 917 726; x_wconf 84' lang='lat' dir='ltr'>molesti,</span> 
     </span>
     <span class='ocr_line' id='line_1_6' title="bbox 184 758 981 837; baseline -0.004 -19"><span class='ocrx_word' id='word_1_29' title='bbox 184 763 253 818; x_wconf 79' lang='lat' dir='ltr'>Quo</span> <span class='ocrx_word' id='word_1_30' title='bbox 266 762 361 831; x_wconf 73' lang='lat' dir='ltr'>fortes,</span> <span class='ocrx_word' id='word_1_31' title='bbox 375 761 477 837; x_wconf 82' lang='lat' dir='ltr'>quibus</span> <span class='ocrx_word' id='word_1_32' title='bbox 491 762 637 820; x_wconf 88' lang='lat' dir='ltr'>adversum</span> <span class='ocrx_word' id='word_1_33' title='bbox 650 762 758 820; x_wconf 83' lang='lat' dir='ltr'>bellum</span> <span class='ocrx_word' id='word_1_34' title='bbox 770 759 893 817; x_wconf 82' lang='lat' dir='ltr'><strong>incidet:</strong></span> <span class='ocrx_word' id='word_1_35' title='bbox 909 758 981 816; x_wconf 88' lang='lat' dir='ltr'>inter</span> 
     </span>
     <span class='ocr_line' id='line_1_7' title="bbox 181 860 980 940; baseline -0.005 -18"><span class='ocrx_word' id='word_1_36' title='bbox 181 864 307 922; x_wconf 75' lang='lat' dir='ltr'>Hectora</span> <span class='ocrx_word' id='word_1_37' title='bbox 320 863 498 934; x_wconf 88' lang='lat' dir='ltr'>Priamidem,</span> <span class='ocrx_word' id='word_1_38' title='bbox 518 863 679 922; x_wconf 85' lang='lat' dir='ltr'>animosum</span> <span class='ocrx_word' id='word_1_39' title='bbox 695 874 780 940; x_wconf 86' lang='lat' dir='ltr'>atque</span> <span class='ocrx_word' id='word_1_40' title='bbox 792 862 868 920; x_wconf 88' lang='lat' dir='ltr'>inter</span> <span class='ocrx_word' id='word_1_41' title='bbox 880 860 980 919; x_wconf 86' lang='lat' dir='ltr'>Achil·</span> 
     </span>
     <span class='ocr_line' id='line_1_8' title="bbox 261 966 318 1024; baseline 0.035 -2"><span class='ocrx_word' id='word_1_42' title='bbox 261 966 318 1024; x_wconf 87' lang='lat' dir='ltr'>lem</span> 
     </span>
     <span class='ocr_line' id='line_1_9' title="bbox 185 1069 855 1146; baseline -0.004 -18"><span class='ocrx_word' id='word_1_43' title='bbox 185 1071 231 1128; x_wconf 89' lang='lat' dir='ltr'>lra</span> <span class='ocrx_word' id='word_1_44' title='bbox 243 1069 300 1136; x_wconf 86' lang='lat' dir='ltr'>fuit</span> <span class='ocrx_word' id='word_1_45' title='bbox 312 1069 448 1146; x_wconf 83' lang='lat' dir='ltr'>capitalis,</span> <span class='ocrx_word' id='word_1_46' title='bbox 463 1079 495 1128; x_wconf 91' lang='lat' dir='ltr'>ut</span> <span class='ocrx_word' id='word_1_47' title='bbox 509 1069 608 1128; x_wconf 87' lang='lat' dir='ltr'>ultima</span> <span class='ocrx_word' id='word_1_48' title='bbox 622 1069 758 1128; x_wconf 90' lang='lat' dir='ltr'>divideret</span> <span class='ocrx_word' id='word_1_49' title='bbox 771 1087 855 1139; x_wconf 83' lang='lat' dir='ltr'>mors,</span> 
     </span>
     <span class='ocr_line' id='line_1_10' title="bbox 184 1171 982 1247; baseline -0.009 -13"><span class='ocrx_word' id='word_1_50' title='bbox 184 1173 255 1234; x_wconf 89' lang='lat' dir='ltr'>Non</span> <span class='ocrx_word' id='word_1_51' title='bbox 268 1172 353 1230; x_wconf 86' lang='lat' dir='ltr'>aliam</span> <span class='ocrx_word' id='word_1_52' title='bbox 364 1176 403 1230; x_wconf 93' lang='lat' dir='ltr'>ob</span> <span class='ocrx_word' id='word_1_53' title='bbox 416 1173 538 1242; x_wconf 89' lang='lat' dir='ltr'>oausam,</span> <span class='ocrx_word' id='word_1_54' title='bbox 562 1173 613 1230; x_wconf 81' lang='lat' dir='ltr'>nisi</span> <span class='ocrx_word' id='word_1_55' title='bbox 626 1174 704 1247; x_wconf 93' lang='lat' dir='ltr'>quod</span> <span class='ocrx_word' id='word_1_56' title='bbox 716 1173 805 1230; x_wconf 84' lang='lat' dir='ltr'>virtus</span> <span class='ocrx_word' id='word_1_57' title='bbox 817 1171 848 1228; x_wconf 90' lang='lat' dir='ltr'>in</span> <span class='ocrx_word' id='word_1_58' title='bbox 861 1179 982 1245; x_wconf 86' lang='lat' dir='ltr'>utroque</span> 
     </span>
     <span class='ocr_line' id='line_1_11' title="bbox 185 1273 873 1344; baseline -0.004 -10"><span class='ocrx_word' id='word_1_59' title='bbox 185 1277 302 1334; x_wconf 84' lang='lat' dir='ltr'>Summa</span> <span class='ocrx_word' id='word_1_60' title='bbox 315 1273 384 1332; x_wconf 82' lang='lat' dir='ltr'>suit:</span> <span class='ocrx_word' id='word_1_61' title='bbox 408 1276 464 1332; x_wconf 90' lang='lat' dir='ltr'>duo</span> <span class='ocrx_word' id='word_1_62' title='bbox 477 1275 498 1332; x_wconf 90' lang='lat' dir='ltr'>fi</span> <span class='ocrx_word' id='word_1_63' title='bbox 512 1274 648 1332; x_wconf 88' lang='lat' dir='ltr'>discordia</span> <span class='ocrx_word' id='word_1_64' title='bbox 660 1275 751 1333; x_wconf 89' lang='lat' dir='ltr'>verset</span> <span class='ocrx_word' id='word_1_65' title='bbox 761 1275 873 1344; x_wconf 85' lang='lat' dir='ltr'>inertes,</span> 
     </span>
     <span class='ocr_line' id='line_1_12' title="bbox 186 1377 911 1454; baseline -0.003 -19"><span class='ocrx_word' id='word_1_66' title='bbox 186 1380 257 1448; x_wconf 83' lang='lat' dir='ltr'>Aut,</span> <span class='ocrx_word' id='word_1_67' title='bbox 272 1378 292 1434; x_wconf 85' lang='lat' dir='ltr'>fi</span> <span class='ocrx_word' id='word_1_68' title='bbox 303 1377 458 1454; x_wconf 83' lang='lat' dir='ltr'>disparibus</span> <span class='ocrx_word' id='word_1_69' title='bbox 472 1377 579 1434; x_wconf 90' lang='lat' dir='ltr'>bellurn</span> <span class='ocrx_word' id='word_1_70' title='bbox 593 1377 709 1448; x_wconf 86' lang='lat' dir='ltr'>incidat,</span> <span class='ocrx_word' id='word_1_71' title='bbox 730 1387 764 1434; x_wconf 95' lang='lat' dir='ltr'>ut</span> <span class='ocrx_word' id='word_1_72' title='bbox 776 1377 911 1435; x_wconf 89' lang='lat' dir='ltr'>Diomedi</span> 
     </span>
     <span class='ocr_line' id='line_1_13' title="bbox 185 1479 853 1556; baseline -0.004 -17"><span class='ocrx_word' id='word_1_73' title='bbox 185 1483 264 1539; x_wconf 89' lang='lat' dir='ltr'>Cum</span> <span class='ocrx_word' id='word_1_74' title='bbox 277 1481 365 1556; x_wconf 88' lang='lat' dir='ltr'>Lycio</span> <span class='ocrx_word' id='word_1_75' title='bbox 379 1481 496 1550; x_wconf 84' lang='lat' dir='ltr'>Glauco,</span> <span class='ocrx_word' id='word_1_76' title='bbox 514 1479 636 1538; x_wconf 88' lang='lat' dir='ltr'>discedet</span> <span class='ocrx_word' id='word_1_77' title='bbox 649 1479 764 1556; x_wconf 86' lang='lat' dir='ltr'>pigrior,</span> <span class='ocrx_word' id='word_1_78' title='bbox 777 1479 853 1537; x_wconf 87' lang='lat' dir='ltr'>ultro</span> 
     </span>
     <span class='ocr_line' id='line_1_14' title="bbox 186 1581 937 1654; baseline 0.001 -14"><span class='ocrx_word' id='word_1_79' title='bbox 186 1582 355 1640; x_wconf 88' lang='lat' dir='ltr'>Muneribus</span> <span class='ocrx_word' id='word_1_80' title='bbox 368 1582 466 1654; x_wconf 80' lang='lat' dir='ltr'>missis)</span> <span class='ocrx_word' id='word_1_81' title='bbox 481 1583 568 1639; x_wconf 90' lang='lat' dir='ltr'>Bruto</span> <span class='ocrx_word' id='word_1_82' title='bbox 580 1583 701 1640; x_wconf 86' lang='lat' dir='ltr'>Praetore</span> <span class='ocrx_word' id='word_1_83' title='bbox 713 1581 828 1640; x_wconf 79' lang='lat' dir='ltr'>tenente</span> <span class='ocrx_word' id='word_1_84' title='bbox 934 1621 937 1627; x_wconf 34' lang='grc' dir='ltr'><strong><em>ι</em></strong></span> 
     </span>
     <span class='ocr_line' id='line_1_15' title="bbox 187 1682 964 1762; baseline 0.001 -21"><span class='ocrx_word' id='word_1_85' title='bbox 187 1684 286 1741; x_wconf 87' lang='lat' dir='ltr'>Ditem</span> <span class='ocrx_word' id='word_1_86' title='bbox 299 1682 406 1752; x_wconf 84' lang='lat' dir='ltr'>Asiam,</span> <span class='ocrx_word' id='word_1_87' title='bbox 421 1683 517 1758; x_wconf 80' lang='lat' dir='ltr'>Rupili</span> <span class='ocrx_word' id='word_1_88' title='bbox 530 1694 560 1742; x_wconf 92' lang='lat' dir='ltr'>et</span> <span class='ocrx_word' id='word_1_89' title='bbox 573 1685 647 1742; x_wconf 87' lang='lat' dir='ltr'>Persi</span> <span class='ocrx_word' id='word_1_90' title='bbox 657 1704 708 1762; x_wconf 90' lang='lat' dir='ltr'>par</span> <span class='ocrx_word' id='word_1_91' title='bbox 718 1695 836 1762; x_wconf 85' lang='lat' dir='ltr'>pugnat,</span> <span class='ocrx_word' id='word_1_92' title='bbox 849 1684 894 1742; x_wconf 90' lang='lat' dir='ltr'>uti</span> <span class='ocrx_word' id='word_1_93' title='bbox 905 1703 964 1742; x_wconf 91' lang='lat' dir='ltr'>non</span> 
     </span>
     <span class='ocr_line' id='line_1_16' title="bbox 188 1784 981 1863; baseline 0 -19"><span class='ocrx_word' id='word_1_94' title='bbox 188 1784 345 1860; x_wconf 79' lang='lat' dir='ltr'>compositi</span> <span class='ocrx_word' id='word_1_95' title='bbox 356 1784 456 1852; x_wconf 80' lang='lat' dir='ltr'>melius</span> <span class='ocrx_word' id='word_1_96' title='bbox 467 1804 534 1842; x_wconf 90' lang='lat' dir='ltr'>cum</span> <span class='ocrx_word' id='word_1_97' title='bbox 546 1786 632 1844; x_wconf 88' lang='lat' dir='ltr'>Bitho</span> <span class='ocrx_word' id='word_1_98' title='bbox 645 1787 795 1857; x_wconf 65' lang='lat' dir='ltr'>Bacchium</span> <span class='ocrx_word' id='word_1_99' title='bbox 819 1787 850 1844; x_wconf 90' lang='lat' dir='ltr'>in</span> <span class='ocrx_word' id='word_1_100' title='bbox 859 1786 912 1863; x_wconf 72' lang='lat' dir='ltr'>jus&#39;</span> <span class='ocrx_word' id='word_1_101' title='bbox 978 1785 981 1792; x_wconf 82' lang='grc'><strong>’</strong></span> 
     </span>
     <span class='ocr_line' id='line_1_17' title="bbox 188 1888 961 1966; baseline 0.001 -21"><span class='ocrx_word' id='word_1_102' title='bbox 188 1891 277 1946; x_wconf 79' lang='lat' dir='ltr'>Acrae</span> <span class='ocrx_word' id='word_1_103' title='bbox 289 1897 465 1964; x_wconf 89' lang='lat' dir='ltr'>procurrunt,</span> <span class='ocrx_word' id='word_1_104' title='bbox 480 1907 620 1964; x_wconf 89' lang='lat' dir='ltr'>magnum</span> <span class='ocrx_word' id='word_1_105' title='bbox 632 1888 820 1964; x_wconf 70' lang='lat' dir='ltr'>spectaculum</span> <span class='ocrx_word' id='word_1_106' title='bbox 833 1901 961 1966; x_wconf 84' lang='lat' dir='ltr'>uterque.</span> 
     </span>
     <span class='ocr_line' id='line_1_18' title="bbox 189 1989 829 2066; baseline -0.003 -16"><span class='ocrx_word' id='word_1_107' title='bbox 189 1991 294 2050; x_wconf 80' lang='lat' dir='ltr'>Persius</span> <span class='ocrx_word' id='word_1_108' title='bbox 304 1989 422 2066; x_wconf 80' lang='lat' dir='ltr'>exponit</span> <span class='ocrx_word' id='word_1_109' title='bbox 433 1991 558 2062; x_wconf 80' lang='lat' dir='ltr'>causam3</span> <span class='ocrx_word' id='word_1_110' title='bbox 581 1991 689 2048; x_wconf 89' lang='lat' dir='ltr'>ridetur</span> <span class='ocrx_word' id='word_1_111' title='bbox 700 1993 737 2050; x_wconf 87' lang='lat' dir='ltr'>ab</span> <span class='ocrx_word' id='word_1_112' title='bbox 750 1991 829 2049; x_wconf 91' lang='lat' dir='ltr'>omni</span> 
     </span>
     <span class='ocr_line' id='line_1_19' title="bbox 189 2092 964 2171; baseline -0.004 -17"><span class='ocrx_word' id='word_1_113' title='bbox 189 2097 354 2154; x_wconf 87' lang='lat' dir='ltr'>Conventu:</span> <span class='ocrx_word' id='word_1_114' title='bbox 377 2093 474 2150; x_wconf 89' lang='lat' dir='ltr'>laudat</span> <span class='ocrx_word' id='word_1_115' title='bbox 487 2095 617 2162; x_wconf 89' lang='lat' dir='ltr'>Brutum,</span> <span class='ocrx_word' id='word_1_116' title='bbox 635 2093 787 2171; x_wconf 85' lang='lat' dir='ltr'>laudatque</span> <span class='ocrx_word' id='word_1_117' title='bbox 800 2092 964 2165; x_wconf 64' lang='lat' dir='ltr'>cohortemJ</span> 
     </span>
     <span class='ocr_line' id='line_1_20' title="bbox 189 2196 946 2272; baseline -0.004 -16"><span class='ocrx_word' id='word_1_118' title='bbox 189 2198 283 2257; x_wconf 88' lang='lat' dir='ltr'>Solem</span> <span class='ocrx_word' id='word_1_119' title='bbox 296 2198 371 2256; x_wconf 82' lang='lat' dir='ltr'>Asiae</span> <span class='ocrx_word' id='word_1_120' title='bbox 381 2198 502 2254; x_wconf 90' lang='lat' dir='ltr'>Brutum</span> <span class='ocrx_word' id='word_1_121' title='bbox 512 2197 643 2272; x_wconf 84' lang='lat' dir='ltr'>appellat,</span> <span class='ocrx_word' id='word_1_122' title='bbox 658 2196 802 2272; x_wconf 89' lang='lat' dir='ltr'>stellasque</span> <span class='ocrx_word' id='word_1_123' title='bbox 815 2196 946 2266; x_wconf 87' lang='lat' dir='ltr'>salubres,</span> 
     </span>
     <span class='ocr_line' id='line_1_21' title="bbox 189 2298 932 2377; baseline -0.004 -18"><span class='ocrx_word' id='word_1_124' title='bbox 189 2301 325 2377; x_wconf 88' lang='lat' dir='ltr'>Appellat</span> <span class='ocrx_word' id='word_1_125' title='bbox 338 2300 463 2370; x_wconf 86' lang='lat' dir='ltr'>comites,</span> <span class='ocrx_word' id='word_1_126' title='bbox 483 2308 601 2375; x_wconf 86' lang='lat' dir='ltr'>excepto</span> <span class='ocrx_word' id='word_1_127' title='bbox 615 2300 706 2375; x_wconf 70' lang='lat' dir='ltr'>Rege,</span> <span class='ocrx_word' id='word_1_128' title='bbox 729 2317 829 2357; x_wconf 85' lang='lat' dir='ltr'>canem</span> <span class='ocrx_word' id='word_1_129' title='bbox 841 2298 932 2370; x_wconf 89' lang='lat' dir='ltr'>illum,</span> 
     </span>
     <span class='ocr_line' id='line_1_22' title="bbox 191 2401 807 2488; baseline -0.005 -27"><span class='ocrx_word' id='word_1_130' title='bbox 191 2402 318 2462; x_wconf 88' lang='lat' dir='ltr'>Invisum</span> <span class='ocrx_word' id='word_1_131' title='bbox 332 2401 460 2488; x_wconf 82' lang='lat' dir='ltr'>agricolis</span> <span class='ocrx_word' id='word_1_132' title='bbox 474 2401 554 2472; x_wconf 83' lang='lat' dir='ltr'>sidus,</span> <span class='ocrx_word' id='word_1_133' title='bbox 569 2401 686 2459; x_wconf 83' lang='lat' dir='ltr'>venisse:</span> <span class='ocrx_word' id='word_1_134' title='bbox 709 2404 807 2459; x_wconf 85' lang='lat' dir='ltr'>ruebat</span> 
     </span>
     <span class='ocr_line' id='line_1_23' title="bbox 191 2503 896 2578; baseline -0.003 -14"><span class='ocrx_word' id='word_1_135' title='bbox 191 2507 310 2564; x_wconf 83' lang='lat' dir='ltr'>Flumen</span> <span class='ocrx_word' id='word_1_136' title='bbox 323 2515 356 2561; x_wconf 94' lang='lat' dir='ltr'>ut</span> <span class='ocrx_word' id='word_1_137' title='bbox 370 2505 529 2574; x_wconf 86' lang='lat' dir='ltr'>hibernum,</span> <span class='ocrx_word' id='word_1_138' title='bbox 543 2504 632 2562; x_wconf 86' lang='lat' dir='ltr'>fertur</span> <span class='ocrx_word' id='word_1_139' title='bbox 645 2523 702 2578; x_wconf 94' lang='lat' dir='ltr'>quo</span> <span class='ocrx_word' id='word_1_140' title='bbox 713 2523 773 2562; x_wconf 87' lang='lat' dir='ltr'>rara</span> <span class='ocrx_word' id='word_1_141' title='bbox 787 2503 896 2562; x_wconf 89' lang='lat' dir='ltr'>securis.</span> 
     </span>
     <span class='ocr_line' id='line_1_24' title="bbox 187 2608 831 2684; baseline -0.003 -16"><span class='ocrx_word' id='word_1_142' title='bbox 187 2608 472 2678; x_wconf 37' lang='lat' dir='ltr'>Tnntrraenestinua</span> <span class='ocrx_word' id='word_1_143' title='bbox 487 2608 556 2666; x_wconf 85' lang='lat' dir='ltr'>salso</span> <span class='ocrx_word' id='word_1_144' title='bbox 569 2609 717 2684; x_wconf 90' lang='lat' dir='ltr'>multoque</span> <span class='ocrx_word' id='word_1_145' title='bbox 730 2609 831 2666; x_wconf 84' lang='lat' dir='ltr'>fluenti</span> 
     </span>
     <span class='ocr_line' id='line_1_25' title="bbox 190 2695 831 2790; baseline -0.008 -16"><span class='ocrx_word' id='word_1_146' title='bbox 190 2695 323 2790; x_wconf 85' lang='lat' dir='ltr'>Expressa</span> <span class='ocrx_word' id='word_1_147' title='bbox 336 2711 453 2780; x_wconf 84' lang='lat' dir='ltr'>arbusto,</span> <span class='ocrx_word' id='word_1_148' title='bbox 467 2710 572 2787; x_wconf 88' lang='lat' dir='ltr'>regerit</span> <span class='ocrx_word' id='word_1_149' title='bbox 584 2711 722 2781; x_wconf 85' lang='lat' dir='ltr'>convicia;</span> <span class='ocrx_word' id='word_1_150' title='bbox 746 2713 831 2769; x_wconf 87' lang='lat' dir='ltr'>durus</span> 
     </span>
     <span class='ocr_line' id='line_1_26' title="bbox 189 2813 831 2890; baseline -0.005 -15"><span class='ocrx_word' id='word_1_151' title='bbox 189 2815 397 2883; x_wconf 80' lang='lat' dir='ltr'>vindemiator,</span> <span class='ocrx_word' id='word_1_152' title='bbox 411 2821 440 2870; x_wconf 91' lang='lat' dir='ltr'>et</span> <span class='ocrx_word' id='word_1_153' title='bbox 452 2813 580 2884; x_wconf 74' lang='lat' dir='ltr'>invictus,</span> <span class='ocrx_word' id='word_1_154' title='bbox 595 2813 643 2874; x_wconf 88' lang='lat' dir='ltr'>cui</span> <span class='ocrx_word' id='word_1_155' title='bbox 657 2814 728 2890; x_wconf 83' lang='lat' dir='ltr'>saepe</span> <span class='ocrx_word' id='word_1_156' title='bbox 741 2814 831 2872; x_wconf 87' lang='lat' dir='ltr'>viator</span> 
     </span>
     <span class='ocr_line' id='line_1_27' title="bbox 189 2915 863 2993; baseline -0.001 -16"><span class='ocrx_word' id='word_1_157' title='bbox 189 2919 325 2987; x_wconf 83' lang='lat' dir='ltr'>Ceffisset,</span> <span class='ocrx_word' id='word_1_158' title='bbox 340 2915 444 2993; x_wconf 75' lang='lat' dir='ltr'>magni</span> <span class='ocrx_word' id='word_1_159' title='bbox 457 2916 629 2992; x_wconf 84' lang='lat' dir='ltr'>compellans</span> <span class='ocrx_word' id='word_1_160' title='bbox 640 2935 709 2974; x_wconf 85' lang='lat' dir='ltr'>voce</span> <span class='ocrx_word' id='word_1_161' title='bbox 719 2918 863 2976; x_wconf 88' lang='lat' dir='ltr'>cuculum.</span> 
     </span>
     <span class='ocr_line' id='line_1_28' title="bbox 191 3019 908 3096; baseline -0.001 -17"><span class='ocrx_word' id='word_1_162' title='bbox 191 3023 235 3080; x_wconf 79' lang='lat' dir='ltr'>At</span> <span class='ocrx_word' id='word_1_163' title='bbox 247 3021 370 3092; x_wconf 88' lang='lat' dir='ltr'>Graecus,</span> <span class='ocrx_word' id='word_1_164' title='bbox 383 3020 530 3096; x_wconf 80' lang='lat' dir='ltr'>postquam</span> <span class='ocrx_word' id='word_1_165' title='bbox 542 3019 581 3076; x_wconf 90' lang='lat' dir='ltr'>est</span> <span class='ocrx_word' id='word_1_166' title='bbox 593 3019 666 3077; x_wconf 83' lang='lat' dir='ltr'>Italo</span> <span class='ocrx_word' id='word_1_167' title='bbox 678 3019 805 3096; x_wconf 82' lang='lat' dir='ltr'>perfusus</span> <span class='ocrx_word' id='word_1_168' title='bbox 820 3029 908 3091; x_wconf 86' lang='lat' dir='ltr'>aceto,</span> 
     </span>
     <span class='ocr_line' id='line_1_29' title="bbox 192 3122 910 3198; baseline -0.001 -18"><span class='ocrx_word' id='word_1_169' title='bbox 192 3123 297 3192; x_wconf 76' lang='lat' dir='ltr'>Persius</span> <span class='ocrx_word' id='word_1_170' title='bbox 308 3122 461 3193; x_wconf 76' lang='lat' dir='ltr'>exclamat5</span> <span class='ocrx_word' id='word_1_171' title='bbox 484 3122 535 3178; x_wconf 88' lang='lat' dir='ltr'>Per</span> <span class='ocrx_word' id='word_1_172' title='bbox 548 3139 674 3198; x_wconf 85' lang='lat' dir='ltr'>magnos,</span> <span class='ocrx_word' id='word_1_173' title='bbox 689 3122 785 3191; x_wconf 88' lang='lat' dir='ltr'>Brute,</span> <span class='ocrx_word' id='word_1_174' title='bbox 801 3123 866 3180; x_wconf 83' lang='lat' dir='ltr'>deos</span> <span class='ocrx_word' id='word_1_175' title='bbox 881 3131 910 3180; x_wconf 85' lang='lat' dir='ltr'>te</span> 
     </span>
    </p>
   </div>
   <div class='ocr_carea' id='block_1_3' title="bbox 0 0 1141 3680">
    <p class='ocr_par' dir='ltr' id='par_1_3' title="bbox 0 0 1141 3680">
     <span class='ocr_line' id='line_1_30' title="bbox 0 0 1141 3680; baseline 0 0"><span class='ocrx_word' id='word_1_176' title='bbox 0 0 1141 3680; x_wconf 95' lang='lat' dir='ltr'> </span> 
     </span>
    </p>
   </div>
  </div>
 </body>
</html>
