2238 3686
197 269 236 320 84
448 263 761 336 'SERMONUM,

150 419 158 436 ι
199 391 291 466 Capta
305 391 352 461 est,
366 392 488 450 deterior
500 394 560 470 post
571 401 685 470 partum
699 407 782 450 carne
795 387 903 448 futurd,

198 491 254 549 His
266 493 380 552 mistum
389 493 435 571 jus
448 496 488 554 est
500 497 572 565 oleo,
586 497 663 571 quod
675 495 767 572 prima
779 491 901 550 Venafri

181 643 184 648 .
198 594 296 652 Preffit
309 591 393 667 cella,
416 616 483 674 garo
496 598 532 654 de
545 597 632 655 succis
643 597 726 674 piscis
740 595 830 666 Iberi3

198 697 276 754 Vino
286 697 473 773 quinquenni,
487 720 586 757 verum
599 699 669 757 eitra
681 718 758 756 mare
771 707 849 767 nat0‚

198 799 278 857 Dum
288 801 434 877 coquitur;
458 803 550 876 (codo
564 802 671 860 Chium
685 802 722 860 src
736 800 879 870 convenit,
893 805 1001 855 utnon

198 904 263 960 Hoc
274 904 365 980 magis
375 905 468 962 ullum
479 904 569 978 aliud)
581 904 678 981 pipere
687 905 760 974 albo,
773 922 831 960 non
841 903 899 959 fine
910 909 1001 967 aceto,

135 1013 138 1019 '
201 1007 289 1064 Quod
300 1007 529 1083 Methymnaeam
542 1007 612 1064 vitio
625 1005 778 1064 mutaverit
790 1023 886 1063 uvam.

199 1109 306 1166 Erucas
321 1108 431 1179 virides,
444 1108 536 1167 inulas
548 1127 603 1186 ego
615 1108 723 1186 primus
735 1125 843 1166 amaras

200 1211 356 1269 Monstravi
370 1211 530 1288 incoquere,
543 1211 636 1268 illotos
650 1210 788 1268 Curtillus
800 1209 925 1278 echinos,

199 1316 244 1372 Ut
257 1313 368 1384 melius,
382 1314 484 1384 munh,
497 1333 584 1390 quam
597 1314 666 1371 testa
679 1313 789 1372 marina
802 1310 933 1370 remittit.

199 1419 311 1475 Interea
325 1417 455 1493 suspensa
468 1435 566 1494 graves
580 1417 668 1473 aulaea
681 1415 777 1473 ruinas

199 1521 234 1578 In
246 1519 374 1596 patinam
385 1520 484 1590 fecere,
500 1518 640 1577 trahentia
653 1518 775 1595 pulveris
788 1518 842 1577 atri

201 1625 352 1682 Quantum
366 1643 424 1680 non
436 1623 547 1698 Aquilo
561 1623 714 1699 Campanis
726 1623 833 1681 excitat
847 1622 931 1700 agris.

199 1727 262 1784 Nos
275 1725 364 1802 majus
377 1724 469 1795 veriti,
483 1726 630 1800 postquam
644 1725 716 1783 nihil
729 1725 783 1783 effe
793 1724 891 1801 pericli
1104 1727 1105 1802 l

200 1829 350 1898 Sensimus,
363 1827 508 1904 erigimur.
550 1829 651 1898 Rufus,
664 1827 754 1904 posito
767 1827 870 1904 capite,
884 1835 918 1884 ut
930 1826 951 1884 fi

201 1931 287 1989 Filius
300 1930 470 1988 immaturus
483 1929 591 2000 obisset,
603 1929 680 1987 flere.
722 1930 796 1988 Quis
809 1929 878 1988 esset

200 2033 287 2106 Finis,
302 2033 332 2090 ni
345 2032 453 2108 sapiens
465 2032 503 2089 fic
515 2032 715 2090 Nomentanus
730 2033 855 2090 amicum

200 2138 340 2196 Tolleret:
363 2136 439 2204 Heu,
451 2135 575 2192 Fortuna
585 2135 591 2190 l
614 2134 677 2210 quis
689 2136 729 2192 est
739 2135 880 2194 crudelior
889 2135 921 2192 in
932 2154 981 2192 nos

133 2219 137 2224 Ι
201 2241 245 2298 Te
258 2241 342 2297 deus?
364 2246 397 2294 ut
410 2237 519 2313 semper
532 2237 637 2312 gaudes
650 2237 768 2294 illudere
781 2239 864 2294 rebus

203 2341 345 2400 Humanis
356 2342 361 2397 l
385 2338 487 2397 Varius
500 2338 602 2414 mapph
614 2339 789 2415 compescere
800 2339 888 2397 risum

98 2505 100 2512 ,
201 2443 260 2501 Vix
273 2453 392 2520 poterat.
432 2441 554 2510 Balatro,
568 2439 736 2516 suspendens
749 2442 845 2500 omnia
858 2443 935 2513 naso,

201 2549 273 2605 Haec
283 2545 325 2620 ,est
338 2543 464 2602 conditio
474 2539 596 2611 rivendi
611 2541 718 2614 aiebat;
739 2563 830 2620 eoque

203 2647 377 2725 Responsura
390 2655 440 2702 tuo
454 2665 601 2721 nunquam
614 2645 653 2702 est
668 2664 720 2721 par
732 2648 808 2704 fama
822 2647 921 2705 labori.

202 2755 291 2824 Tene,
305 2759 338 2809 ut
351 2769 405 2826 ego
417 2748 538 2825 accipiar
550 2749 636 2818 laute,
650 2749 804 2823 torquerier
816 2750 896 2807 omni

203 2853 388 2914 Solicitudine
401 2850 573 2908 districtum?
596 2869 632 2907 ne
644 2850 724 2927 panis
737 2853 857 2922 adustus,

202 2959 235 3016 N
235 2978 251 3015 e
264 2958 339 3015 male
351 2954 499 3014 conditum
508 2951 564 3028 jus,
576 2957 749 3030 apponatur?
769 2965 803 3013 ut
815 2976 914 3015 omnes

139 3097 141 3102 .
202 3058 348 3118 Praecinffi
361 3058 435 3115 rene
447 3055 528 3134 pueri
541 3055 685 3131 comtique
698 3057 874 3116 ministrent?

202 3162 287 3218 Adde
300 3147 350 3220 hos
363 3168 496 3235 praeterea
510 3161 602 3228 casus3
625 3160 713 3219 aulaea
725 3171 810 3221 ruant
822 3162 854 3231 si,
