2242 3680
358 235 467 292 'LIB·.'
487 230 521 292 Ἰ.
561 232 623 292 viii.
864 237 901 292 33

100 362 169 431 Oro,
186 359 237 436 qui
250 378 329 436 reges
340 360 475 418 consuesti
488 361 595 431 tollere,
609 379 659 418 cur
672 379 729 418 non
764 395 766 400 ,

99 466 188 522 Hunc
202 463 312 539 Regem
319 461 451 539 jugulas?
464 482 582 539 operum
592 463 656 535 hoc,
669 463 842 536 mihicrede,
853 471 899 521 tu·-

178 567 321 628 orumest.
894 575 896 580 ·

332 870 535 946 samua
574 871 656 928 vm.

98 1077 188 1135 Omna
203 1085 319 1138 uuncus
332 1092 410 1140 etam
423 1083 552 1154 ficulnus,
565 1081 668 1150 inutile
681 1079 807 1156 lignum3

98 1181 175 1238 Cum
189 1181 269 1240 saber
280 1182 403 1242 incertus
416 1185 564 1243 scamnum
577 1185 719 1242 faceretne
730 1181 871 1257 Priapum,
890 1221 892 1228 .

97 1282 206 1339 Maluit
218 1283 273 1346 esse
285 1286 385 1344 deum:
400 1287 468 1344 deus
485 1287 552 1344 inde
563 1305 626 1362 ego,
638 1287 735 1342 furum
748 1283 900 1357 aviumque

98 1385 230 1444 Maxima
243 1387 379 1460 formiam
401 1408 468 1446 nam
482 1389 557 1446 fures
571 1391 669 1446 dextra
682 1389 799 1455 coercet,

101 1487 300 1564 Obsooenoque
313 1493 397 1548 ruber
409 1490 552 1566 porrestus
566 1493 601 1548 ab
616 1489 732 1566 inguine
745 1487 838 1564 palus:

99 1591 151 1646 Ast
164 1591 341 1666 importunas
355 1594 480 1650 volucres
493 1593 524 1650 in
537 1592 642 1650 vertice
655 1591 763 1650 arundo

97 1695 198 1751 Terret
210 1695 277 1766 fixa,
291 1705 425 1772 vetatque
438 1697 517 1755 novis
528 1696 672 1770 confidere
685 1695 716 1752 in
730 1693 826 1753 bortis.

97 1797 164 1854 Huc
176 1797 254 1873 prius
267 1799 389 1874 angustis
402 1799 489 1876 ejecta
501 1800 634 1858 cadavera
647 1798 723 1855 cellis

97 1899 255 1958 Conservus
267 1901 317 1958 vili
330 1903 467 1977 portanda
480 1904 590 1959 locabat
603 1901 633 1957 in
647 1900 719 1958 arcs.

97 2001 161 2058 Hoc
175 2002 282 2058 miserae
296 2003 372 2078 plebi
386 2005 474 2062 stabat
486 2023 638 2060 commune
651 2001 819 2078 sepulcrum,

97 2104 373 2175 Pantolaboscurrae,
387 2107 629 2181 Nomentanoque
645 2105 751 2180 nepoti.

97 2207 181 2264 Mille
194 2208 279 2282 pedes
292 2207 323 2264 in
336 2208 439 2277 fronte,
460 2217 599 2266 trecentos
612 2207 710 2282 cippus
722 2207 751 2262 in
765 2224 867 2281 agrum

96 2287 154 2366 Hic
167 2310 268 2378 dabat5
290 2309 414 2366 haeredes
425 2318 647 2366 monumentum
660 2328 696 2365 ne
709 2308 878 2382 sequeretur.

96 2412 184 2470 Nunc
199 2411 266 2468 licet
276 2411 407 2487 Esquiliis
420 2411 547 2469 habitare
560 2389 726 2480 salubribus,
742 2419 826 2485 atque

95 2515 213 2592 Aggere
226 2513 257 2570 in
271 2513 364 2589 aprico
378 2514 499 2590 spatiari,
514 2533 571 2589 quo
584 2515 670 2570 modo
684 2511 772 2570 tristes

96 2617 178 2673 Albis
192 2615 345 2672 informem
358 2615 519 2690 spectabant
530 2616 633 2674 offibus
646 2635 756 2692 agrum.

96 2720 172 2777 Cum
186 2717 260 2776 mihi
274 2737 331 2774 non
344 2727 457 2775 tantum
470 2718 602 2793 furesque
611 2719 751 2794 yferaeque,
766 2718 851 2776 sub'tae

97 2823 185 2894 Hune
199 2839 300 2878 vexare
313 2821 418 2890 locum,
432 2839 507 2878 curae
520 2820 586 2877 sunt
599 2830 684 2895 atque
697 2803 795 2890 labori,
834 2869 837 2876 .

98 2926 261 2993 Quantum,
275 2922 446 2980 carminibus
459 2942 522 2998 quae
536 2924 646 2980 versant
658 2933 743 2998 atque
756 2920 870 2978 venenis

97 3027 248 3083 Humanos
262 3025 385 3082 animos:
407 3025 457 3082 bas
470 3025 549 3082 nullo
562 3025 676 3102 perdere
687 3023 798 3099 possum

97 3129 128 3185 N
129 3148 161 3186 ec
172 3127 322 3204 probibere
335 3128 430 3199 modo,
445 3126 561 3184 simulac
573 3146 645 3204 vaga
659 3127 727 3192 luna
740 3125 873 3191 decorum
892 3179 900 3190 .

137 3251 209 3290 uon,
224 3251 259 3288 11.
492 3247 516 3292 1>
