2238 3686
186 252 243 305 154
361 246 421 304 DE
445 249 569 306 ARTE
594 249 807 310 POETICA.

183 375 253 432 Quo
264 372 346 431 scribi
355 374 464 450 possent
477 394 604 446 numero,
621 377 785 435 monstravit
796 379 939 436 Homerus

181 477 314 534 Versrbus
326 477 471 554 impariter
481 476 586 554 jundis
598 479 773 556 querimonia
786 480 921 557 primum,

182 579 245 638 Post
256 579 343 638 etiam
356 580 463 638 inclusa
476 581 515 638 est
528 581 586 638 voti
605 581 743 640 sententia
756 602 888 659 compos:

181 682 258 740 Quis
271 691 367 740 tamen
381 681 498 760 exiguos
508 684 602 761 elegos
615 685 739 744 emiserit
752 695 842 756 autor,

179 787 368 845 Grammatici
381 796 499 856 certant,
513 796 543 844 et
556 787 649 844 adhuc
663 787 820 864 subjudice
831 789 866 846 lis
881 789 930 850 est.

180 889 387 948 Archilochum
399 889 512 965 proprio
525 890 615 947 rabies
628 891 747 948 armavit
759 889 868 949 iambo:

178 995 267 1052 Hunc
280 993 352 1051 socci
365 1011 463 1069 cepere
475 993 587 1068 pedem,
601 994 777 1070 grandesque
790 993 933 1067 cothurni,

179 1097 306 1158 Altemis
319 1105 419 1172 aptum
432 1094 614 1166 sermonibus,
627 1103 656 1154 et
669 1097 818 1174 populares

178 1199 352 1258 Vincentem
365 1197 502 1274 strepitus,
516 1207 546 1256 et
558 1207 659 1256 natum
672 1200 755 1257 rebus
766 1200 892 1277 agendis.

179 1304 265 1363 Musa
278 1303 357 1361 dedit
369 1302 472 1360 fidibus
484 1302 573 1374 divos,
586 1322 743 1379 puerosque
756 1305 883 1376 deorum,

179 1408 217 1466 Et
229 1405 358 1484 pugilem
367 1404 510 1476 vitiorem,
522 1414 550 1462 et
561 1424 668 1482 equum
677 1407 831 1466 certamine
841 1408 978 1485 primum,

178 1513 217 1570 Et
226 1508 364 1586 juvenum
375 1527 463 1577 curas,
477 1517 507 1564 et
519 1508 607 1566 libera
617 1508 693 1579 vina,
707 1510 818 1568 referre.

178 1611 338 1689 Descriptus
351 1610 458 1668 servare
469 1609 543 1668 vices
555 1629 728 1686 operumque
741 1613 846 1670 colores

179 1719 239 1774 Cur
250 1735 304 1792 ego
317 1714 338 1770 fi
351 1733 461 1789 nequeo
474 1712 639 1789 ignoroque,
653 1713 737 1771 Poeta
750 1713 871 1772 solutor?

178 1821 239 1877 Cur
251 1817 364 1887 nescire,
378 1816 486 1893 pudens
499 1834 591 1891 prave,
606 1835 693 1891 quam
705 1803 810 1874 discere
822 1819 916 1875 malo?

177 1923 310 1982 Versibus
322 1917 427 1996 exponi
440 1918 553 1995 tragicis
566 1938 609 1976 res
621 1917 732 1976 comica
748 1939 805 1977 non
818 1921 894 1979 vult:

176 2026 348 2104 Indignatur
358 2022 428 2080 item
440 2021 563 2097 privatis,
577 2041 610 2078 ac
622 2039 710 2098 prope
720 2021 800 2080 socco

176 2127 290 2206 Dignis,
304 2124 475 2185 carminibus
488 2123 593 2181 narrari
605 2141 686 2180 coena
698 2123 839 2200 Thyestae.

177 2232 294 2309 Singula
307 2247 427 2307 quaeque
439 2228 535 2285 locum
548 2234 663 2284 teneant
675 2225 772 2284 sortita
786 2229 946 2292 decentem.

175 2335 325 2394 Interdum
337 2341 434 2390 tamen
447 2338 476 2388 et
488 2347 588 2386 vocem
600 2328 749 2387 Comoedia
762 2329 848 2402 tollit,

175 2440 323 2513 statusque
336 2435 471 2493 Chremes
485 2431 595 2489 tumido
608 2431 739 2508 delitigat
751 2451 813 2490 ore:

174 2543 213 2600 Et
225 2539 348 2617 tragicus
359 2537 527 2614 plerumque
538 2533 616 2591 dolet
626 2534 753 2592 sermone
764 2535 893 2611 pedestri.

173 2643 317 2719 Telephus
330 2650 359 2697 et
369 2639 475 2708 Peleus,
492 2656 558 2695 cum
570 2656 677 2713 pauper
688 2645 718 2694 et
730 2639 809 2696 exsul
822 2649 953 2717 uterque,

174 2745 287 2824 Projicit
300 2742 437 2820 ampullas
449 2749 478 2797 et
490 2739 689 2816 sesquipedalia
703 2743 795 2813 verba,

173 2849 203 2908 Si
216 2857 296 2906 curat
308 2865 356 2903 cor
366 2841 514 2922 spehtantis
527 2841 647 2918 tetigisse
659 2844 781 2920 querela.

172 2953 243 3012 Non
256 2950 322 3008 satis
334 2949 373 3006 est
384 2944 501 3024 pulchra
513 2944 568 3002 esse
580 2947 726 3020 potmatar
748 2947 841 3006 dulcia
855 2949 950 3024 sunto,

173 3057 212 3113 Et
224 3069 393 3130 quocunque
405 3048 510 3116 volent,
524 3047 653 3105 animum
666 3048 800 3107 auditoris
813 3062 938 3130 agunto:

174 3155 218 3217 Ut
230 3152 385 3212 ridentibus
398 3149 529 3221 arrident,
543 3149 583 3208 ita
596 3149 730 3210 flentibus
741 3150 855 3226 adflent,
