2238 3686
339 263 342 280 =
438 219 577 293 lilii.
617 233 644 291 'v.
699 225 702 230 ’
904 229 941 299 07

131 353 273 434 Supremo
286 365 315 416 te
328 359 385 417 sole
399 361 488 432 domi,
501 363 654 436 Torquate,
668 360 798 416 manebo.
901 367 904 373 “

133 461 211 517 Vina
225 462 304 518 bibes
317 461 422 520 iterum
434 465 532 520 Tauro
545 462 656 532 diffusa,
668 462 801 538 palustres

136 565 216 620 Inter
228 563 393 623 Minturnas
407 564 659 641 Sinuessanumque
670 563 824 620 Petrinum.

134 666 185 722 Sin
200 665 301 722 melius
315 668 384 742 quid
398 667 493 738 habes,
517 668 632 738 arcelse3
654 653 699 724 vel
715 665 866 740 imperium
877 664 928 720 fer.

134 769 313 844 Jamdudum
326 769 454 845 splendet
468 771 557 840 focus,
577 781 606 827 et
618 769 670 826 tibi
684 769 791 826 munda
805 767 940 843 supellex.

136 871 227 930 Mitte
240 872 314 929 leves
328 872 398 948 spes,
412 883 441 930 et
453 869 608 930 certamina
622 869 794 938 divitiarum,

136 975 174 1032 Et
186 973 300 1031 Moschi
313 975 440 1032 causam:
463 993 522 1032 cras
539 981 606 1032 nato
619 973 728 1032 Caesare
741 973 825 1030 festus

134 1077 195 1134 Dat
208 1076 321 1134 veniam
335 1077 523 1152 somnumque
536 1075 608 1146 dies3
630 1076 748 1151 impune
761 1073 857 1130 licebit

134 1179 278 1236 AEstivam
289 1179 417 1238 sermone
430 1179 556 1256 benigno
570 1180 686 1236 tendere
702 1178 823 1235 nostem.

135 1282 206 1340 Quo
219 1281 292 1338 mihi
305 1282 460 1354 fortunam,
475 1282 496 1339 ti
510 1299 567 1340 non
580 1282 745 1358 conceditur
758 1281 818 1338 uti?
895 1359 897 1366 Ι

135 1387 238 1442 Parcus
250 1386 288 1442 ob
301 1384 419 1442 haeredis
432 1405 539 1456 curam,
553 1385 862 1460 nimiumque-sevems,
920 1411 923 1418 ·

135 1487 248 1544 Affidet
259 1487 367 1544 insane.
409 1491 517 1559 Potare,
531 1499 561 1546 et
574 1487 701 1564 spargere
715 1487 806 1557 floreo,

136 1585 290 1665 Incipiam}
312 1589 459 1666 patiarque
472 1593 516 1648 vel
530 1589 704 1649 inconsultus
717 1589 824 1648 haberi.
912 1599 914 1606 ’

137 1692 219 1750 uuirt
232 1711 289 1750 non
302 1684 427 1751 ebrietas*
436 1695 581 1771 defigunt?
603 1703 700 1769 operta
714 1692 851 1762 recludit3

136 1797 204 1871 Spes
213 1794 296 1871 jubet
308 1796 363 1853 else
377 1807 463 1866 ratas5
486 1797 517 1853 in
530 1796 625 1872 praelia
637 1796 726 1854 trudit
739 1797 859 1853 inertem
866 1820 874 1865 ;

137 1897 258 1955 Solicitis
270 1898 372 1956 animis
385 1916 456 1956 onus
469 1899 570 1956 eximit
577 1924 585 1970 5
610 1900 729 1956 addocet
742 1907 823 1955 artes.

82 2031 90 2048 ·
136 2001 276 2058 Foecundi
289 2001 389 2059 calices
403 2021 489 2076 quem
503 2021 560 2058 non
574 2002 665 2058 fecere
679 2001 832 2058 disertum?
925 2021 927 2026 ·

137 2104 291 2161 Contratlit
304 2091 391 2178 quem
404 2123 461 2170 non
475 2103 506 2160 in
519 2111 684 2179 paupertate
695 2104 836 2160 solutum?

136 2207 211 2264 Haec
224 2225 278 2282 ego
290 2223 440 2281 procurare
453 2215 483 2263 et
495 2206 612 2264 idoneus
624 2205 756 2281 imperor,
776 2215 806 2260 et
820 2223 877 2261 non

132 2300 263 2378 invitum
286 2327 322 2364 ne
337 2317 418 2384 turpe
432 2309 513 2378 toral,
528 2309 687 2366 nesordida
699 2327 811 2383 mappa,

138 2412 279 2488 Corruget
294 2429 374 2468 nares
382 2436 391 2482 3
414 2430 450 2468 ne
464 2430 520 2468 non
533 2422 562 2469 et
575 2411 734 2481 cantharus,
751 2421 780 2466 et
792 2410 869 2480 lanx,

138 2514 277 2572 Ostendat
291 2513 344 2571 tibi
358 2523 400 2585 te5
422 2533 459 2570 ne
473 2515 544 2572 lidos
556 2515 631 2571 inter
643 2513 747 2571 amicos

138 2617 191 2688 Sit,
206 2617 256 2692 qui
268 2616 342 2674 dicta
356 2617 429 2674 foras
442 2617 570 2674 eliminet
575 2642 584 2688 3
607 2626 639 2674 ut
652 2618 730 2674 coe'at
742 2635 793 2693 par

137 2724 339 2799 Jungaturque
352 2721 421 2796 pari.
462 2722 579 2778 Butram
591 2720 652 2791 tibi,
668 2720 889 2796 Septiciumque,

139 2827 187 2894 Et,
201 2824 253 2881 nisi
267 2841 347 2880 coena
360 2823 444 2899 prior,
458 2823 607 2898 potiorque
620 2822 722 2898 puella,
737 2821 873 2879 Sabinum

135 2926 269 2994 Detinet,
285 2925 435 2983 assumam:
457 2925 534 2982 locus
547 2925 627 2982 estet
639 2924 767 3001 pluribus
780 2922 900 2994 umbris3
929 2959 935 2966 -

135 3031 195 3087 Sed
208 3028 293 3086 nimis
305 3028 379 3086 arcia
392 3037 526 3104 premunt
539 3028 622 3086 olidae
635 3027 763 3085 convivia
776 3039 873 3102 caprae.

202 3142 273 3189 vot..
288 3151 325 3188 rr.
543 3149 582 3190 ,Η
