2238 3686
437 213 529 270 LIB¹
559 213 582 272 I.
623 213 692 272 xvii.
892 223 946 284 119

139 336 333 414 Compedibus
346 336 418 395 saevo
433 347 461 394 te
474 339 526 396 sub
539 340 654 397 custode
668 343 778 398 tenebo.

139 439 204 513 Ipse
217 441 294 507 deus,
308 439 391 496 simul
404 450 489 516 atque
502 442 605 511 volam,
620 461 667 499 me
679 443 775 500 solvet.
810 443 929 520 Opinor,

139 541 206 599 Hoc
220 540 304 599 sentit
309 565 318 614 5
340 541 462 600 Moriar:
478 563 554 601 mors
569 544 669 602 ultima
683 544 757 603 linea
769 565 863 604 rernm
876 546 923 604 est.

341 906 603 964 nursrouu
641 869 758 970 nvn.¹

440 1081 481 1118 An
503 1081 643 1120 SCAEVAM.

137 1251 300 1321 Qunuvrs,
316 1253 418 1321 Scaeva,
433 1254 498 1312 satis
509 1266 600 1331 perte
613 1257 667 1314 tibi
680 1255 811 1326 consulis,
827 1264 856 1314 et
869 1255 921 1313 scis

137 1354 208 1412 Quo
221 1356 336 1412 tandem
348 1356 430 1430 patto
443 1357 541 1415 deceat
556 1357 712 1434 majoribus
724 1358 767 1416 uti
774 1383 782 1429 5

135 1456 231 1526 Disce,
245 1457 386 1516 doeendus
398 1457 491 1516 adhuc
504 1479 569 1534 quae
581 1460 677 1518 censet
695 1460 851 1530 amiculus3
871 1469 904 1518 ut
918 1462 938 1518 fi

135 1559 237 1616 Caeeus
249 1559 302 1616 iter
312 1561 463 1618 monstrare
475 1562 558 1618 velit:
581 1572 678 1620 tamen
692 1562 793 1640 aspice,
809 1561 911 1642 siquid

136 1662 175 1717 Et
188 1679 247 1729 nos,
266 1663 342 1737 quod
355 1681 434 1720 cures
447 1664 592 1739 proprium
603 1663 705 1736 fecitse,
719 1665 878 1740 loquamur.

136 1762 166 1820 Si
180 1775 208 1821 te
222 1773 300 1840 gratu
313 1764 400 1840 quies,
415 1775 444 1824 et
457 1765 579 1841 primam
592 1767 705 1824 somnus
719 1767 749 1824 in
764 1767 866 1828 horam

135 1867 280 1937 Delettat3
303 1867 322 1923 si
338 1877 366 1924 te
378 1867 479 1943 pulvis,
493 1869 677 1945 strepitusque
689 1879 825 1941 rotarum,

135 1969 165 2026 Si
177 1969 256 2026 laedit
269 1989 409 2045 cauponem
432 1970 615 2030 Ferentinum
628 1971 668 2028 ire
675 1971 798 2048 jubebo:

134 2071 215 2136 Nam
227 2090 319 2147 neque
331 2071 464 2130 divitibus
476 2071 648 2148 contingunt
661 2073 764 2149 gaudia
778 2073 856 2144 solis;

134 2174 200 2232 Nec
212 2173 283 2231 vixit
296 2174 379 2244 male,
401 2174 450 2249 qui
464 2184 546 2230 natus
559 2173 739 2250 moriensque
752 2176 864 2233 fefellit.

134 2277 165 2335 Si
178 2277 301 2353 prodeffe
314 2276 378 2347 tuis,
392 2276 533 2352 pauloque
546 2276 696 2352 benignius
710 2277 803 2352 ipsum

132 2383 178 2446 Te
190 2380 306 2438 trattare
320 2378 402 2448 voles,
416 2379 529 2463 aceedes
543 2379 629 2436 ficcus
642 2381 678 2437 ad
689 2380 817 2454 unttum.

134 2483 163 2540 Si
177 2483 326 2558 pranderet
338 2483 399 2539 olus
411 2481 562 2557 patienter,
581 2483 695 2559 regibus
708 2483 752 2540 uti

133 2586 235 2644 Nollet
248 2585 414 2661 Aristippus.
455 2583 484 2640 Si
496 2584 578 2641 sciret
590 2585 705 2662 regibus
715 2586 768 2657 uti,

133 2687 279 2746 Fastidiret
291 2687 362 2757 olus,
375 2686 425 2761 qui
437 2705 483 2742 me
496 2695 585 2748 notat.
626 2687 727 2745 Utrius
740 2688 844 2748 horum

133 2793 229 2850 Verba
241 2793 340 2867 probes
353 2801 382 2848 et
392 2790 475 2860 satta,
489 2791 559 2848 doce
567 2815 576 2861 3
598 2791 642 2848 vel
652 2790 749 2868 junior
759 2794 836 2865 audi,

133 2897 194 2954 Cur
207 2894 241 2951 sit
255 2892 389 2969 Aristippi
402 2893 495 2969 potior
507 2892 659 2952 sententiar
683 2914 806 2970 namque

132 2997 299 3056 Mordacem
313 2995 455 3072 Cynicum
469 2995 659 3067 (includebat,
673 3006 707 3055 ut
717 2997 811 3058 aiunt:

132 3102 248 3160 Scurror
260 3118 315 3176 ego
325 3098 382 3175 ipse
392 3097 473 3170 mibi,
487 3097 649 3173 populoru:
671 3099 774 3158 renius
786 3101 849 3176 hoc,
862 3113 892 3163 et
937 3137 943 3150 ι
