2242 3680
31 237 32 242 ’
153 223 201 284 46-
393 228 707 300 SERMONUM‚

156 331 401 431 Ingenio'offenfi?
423 365 473 415 aut
486 357 550 414 laeso
564 356 677 414 doluere
689 355 819 425 Metello

156 457 335 533 Famosrsque
345 458 427 533 Lupo
437 463 569 534 cooperto
581 459 720 515 verfibus?
741 456 834 532 Atqui

157 561 293 620 Primores
305 561 402 637 populi
416 561 543 638 arripuit,
560 562 753 638 populumque
766 560 903 618 tributim
906 585 915 630 5

158 665 269 723 Scilicet
283 664 332 722 uni
343 685 439 741 aequus
449 665 557 736 virtuti,
571 674 656 742 atque
667 665 726 742 ejus
739 665 848 722 amicis.

160 766 254 838 Quin,
267 767 318 824 ubi
328 768 356 824 se
367 787 383 824 a
395 768 483 844 vulgo
495 776 525 826 et
537 768 619 826 scend
631 767 663 824 in
675 767 781 824 secreta
793 765 937 824 remdrant

158 869 257 927 Virtus
271 869 406 945 Scipiadae
418 878 448 926 et
461 869 537 926 mitis
550 869 687 944 sapientia
700 870 780 939 Laeli,

160 971 274 1048 Nugari
286 991 352 1028 cum
365 971 424 1041 illo,
438 979 467 1028 et
479 970 606 1028 discindi
616 972 722 1041 ludere,
736 973 825 1030 donec

158 1075 371 1148 Decoqueretur
394 1073 464 1143 olus,
497 1073 580 1130 soliti.
633 1073 782 1148 Quicquid
806 1073 870 1130 sum
894 1091 956 1149 ego,

234 1174 362 1250 quamvis

161 1278 240 1335 infra
252 1277 344 1334 Lucili
358 1277 473 1334 censum
484 1277 699 1354 ingeniumque,
713 1286 810 1336 tamen
820 1297 869 1336 me

158 1382 238 1437 Cum
250 1379 360 1456 magnis
372 1379 471 1438 vixiffe
482 1380 572 1438 invita
588 1380 724 1438 fatebitur
734 1400 823 1457 usque

161 1483 282 1555 Invidia,
302 1491 341 1554 et,
358 1483 452 1559 fragili
465 1502 591 1559 quaerens
603 1483 711 1540 illidere
724 1485 848 1554 dentem,
957 1471 960 1474 ¹

159 1585 297 1642 Offendet
312 1585 412 1644 solido:
435 1585 487 1642 nisi
501 1585 570 1661 quid
583 1595 624 1656 tn,
638 1586 719 1644 docle
731 1585 857 1656 Trebati,

162 1687 306 1745 Diffentis.
339 1687 479 1762 Equidem
493 1686 565 1744 nihil
578 1688 645 1746 hinc
658 1688 806 1764 diffingere
820 1688 940 1764 polium

161 1791 218 1846 Sed
231 1799 328 1848 tamen
340 1797 374 1845 ut
386 1789 510 1846 monitus
524 1809 629 1862 caveas,
650 1810 686 1847 ne
699 1791 772 1848 forte
784 1793 883 1868 negoti

164 1891 290 1950 Incutiat
299 1891 352 1950 tibi
365 1891 434 1966 quid
447 1891 605 1954 sannarum
617 1893 727 1951 inscitia
740 1893 848 1970 legum,

161 1995 192 2050 Si
206 1995 281 2052 mala
294 1993 451 2051 condiderit
463 1993 494 2050 in
507 2014 592 2069 quem
603 1995 665 2070 quis
676 1996 809 2066 cannina,
819 1995 865 2072 jus
878 1998 918 2054 est

159 2097 375 2174 judiciumque.
415 2097 488 2168 Esto,
503 2096 596 2173 fiquis
610 2097 698 2154 mala:
721 2098 769 2156 sed
780 2101 855 2156 bona
868 2097 961 2176 siquis

162 2199 266 2277 Judice
279 2199 435 2258 condiderit
448 2200 576 2256 laudatus
588 2200 705 2270 Caesare,
719 2200 813 2275 liquis

161 2303 331 2378 Opprobriis
344 2303 465 2379 dignum
477 2303 646 2373 laceraverit,
660 2303 770 2379 integer
782 2303 856 2379 ipse?

161 2405 313 2464 Solventur
323 2406 379 2463 risu
392 2405 496 2464 tabulae
500 2428 508 2474 ;
532 2414 564 2460 tu
577 2404 673 2462 missus
686 2405 783 2462 abibis,

429 2725 622 2782 SATIRA
657 2726 697 2784 II.

164 2913 251 2968 Quia
265 2911 352 2968 virtus
363 2919 392 2968 et
404 2920 518 2986 quanta,
532 2911 609 2982 boni,
624 2913 658 2969 sit
668 2912 760 2970 vivere
770 2932 854 2989 parvo

165 3013 246 3088 (Nec
259 3033 338 3072 meus
349 3013 396 3071 hic
406 3014 497 3072 sermo
510 3015 557 3084 est,
569 3015 617 3072 sed
627 3035 690 3090 quae
700 3016 832 3092 praecepit
843 3015 964 3090 Ofellus3

168 3115 305 3186 Rusticus,
321 3117 462 3174 abnormis
474 3116 590 3192 sapiens,
604 3118 745 3193 crailique
756 3119 899 3194 Minerva)
