<?xml version="1.0" encoding="UTF-8"?>
<!DOCTYPE html PUBLIC "-//W3C//DTD XHTML 1.0 Transitional//EN"
    "http://www.w3.org/TR/xhtml1/DTD/xhtml1-transitional.dtd">
<html xmlns="http://www.w3.org/1999/xhtml" xml:lang="en" lang="en">
 <head>
  <title>
</title>
<meta http-equiv="Content-Type" content="text/html;charset=utf-8" />
  <meta name='ocr-system' content='tesseract 3.04.00' />
  <meta name='ocr-capabilities' content='ocr_page ocr_carea ocr_par ocr_line ocrx_word'/>
</head>
<body>
  <div class='ocr_page' id='page_1' title='image "./qhoratiiflacci01horagoog_0170.png"; bbox 0 0 2238 3686; ppageno 0'>
   <div class='ocr_carea' id='block_1_1' title="bbox 311 261 928 325">
    <p class='ocr_par' dir='ltr' id='par_1_1' title="bbox 311 261 928 325">
     <span class='ocr_line' id='line_1_1' title="bbox 311 261 928 325; baseline -0.003 -1"><span class='ocrx_word' id='word_1_1' title='bbox 311 264 371 324; x_wconf 87' lang='lat' dir='ltr'>DE</span> <span class='ocrx_word' id='word_1_2' title='bbox 395 265 518 324; x_wconf 88' lang='lat' dir='ltr'>ARTE</span> <span class='ocrx_word' id='word_1_3' title='bbox 543 263 755 325; x_wconf 78' lang='lat' dir='ltr'>POETICA.</span> <span class='ocrx_word' id='word_1_4' title='bbox 875 261 928 322; x_wconf 75' lang='lat'>161</span> 
     </span>
    </p>
   </div>
   <div class='ocr_carea' id='block_1_2' title="bbox 102 391 988 3038">
    <p class='ocr_par' dir='ltr' id='par_1_2' title="bbox 102 391 988 3038">
     <span class='ocr_line' id='line_1_2' title="bbox 129 391 754 465; baseline -0.005 -14"><span class='ocrx_word' id='word_1_5' title='bbox 129 391 282 452; x_wconf 71' lang='lat' dir='ltr'>Nocturna</span> <span class='ocrx_word' id='word_1_6' title='bbox 294 393 401 454; x_wconf 83' lang='lat' dir='ltr'>versate</span> <span class='ocrx_word' id='word_1_7' title='bbox 412 413 509 465; x_wconf 87' lang='lat' dir='ltr'>manu,</span> <span class='ocrx_word' id='word_1_8' title='bbox 524 394 631 452; x_wconf 87' lang='lat' dir='ltr'>versate</span> <span class='ocrx_word' id='word_1_9' title='bbox 644 391 754 452; x_wconf 69' lang='lat' dir='ltr'>diurni⁴</span> 
     </span>
     <span class='ocr_line' id='line_1_3' title="bbox 126 496 760 572; baseline -0.005 -18"><span class='ocrx_word' id='word_1_10' title='bbox 126 497 172 554; x_wconf 87' lang='lat' dir='ltr'>At</span> <span class='ocrx_word' id='word_1_11' title='bbox 184 496 265 554; x_wconf 82' lang='lat' dir='ltr'>vestri</span> <span class='ocrx_word' id='word_1_12' title='bbox 278 496 375 572; x_wconf 86' lang='lat' dir='ltr'>proavi</span> <span class='ocrx_word' id='word_1_13' title='bbox 388 497 531 556; x_wconf 83' lang='lat' dir='ltr'>Plautinos</span> <span class='ocrx_word' id='word_1_14' title='bbox 543 505 573 554; x_wconf 90' lang='lat' dir='ltr'>et</span> <span class='ocrx_word' id='word_1_15' title='bbox 586 515 717 557; x_wconf 87' lang='lat' dir='ltr'>numeros</span> <span class='ocrx_word' id='word_1_16' title='bbox 730 502 760 552; x_wconf 90' lang='lat' dir='ltr'>et</span> 
     </span>
     <span class='ocr_line' id='line_1_4' title="bbox 126 597 899 674; baseline -0.006 -18"><span class='ocrx_word' id='word_1_17' title='bbox 126 599 292 656; x_wconf 84' lang='lat' dir='ltr'>Laudavere</span> <span class='ocrx_word' id='word_1_18' title='bbox 304 598 388 657; x_wconf 85' lang='lat' dir='ltr'>sales:</span> <span class='ocrx_word' id='word_1_19' title='bbox 410 597 533 668; x_wconf 85' lang='lat' dir='ltr'>nimium</span> <span class='ocrx_word' id='word_1_20' title='bbox 545 598 684 674; x_wconf 78' lang='lat' dir='ltr'>patienter</span> <span class='ocrx_word' id='word_1_21' title='bbox 695 606 856 672; x_wconf 86' lang='lat' dir='ltr'>utrumque,</span> <span class='ocrx_word' id='word_1_22' title='bbox 897 644 899 650; x_wconf 30' lang='lat' dir='ltr'><em>s</em></span> 
     </span>
     <span class='ocr_line' id='line_1_5' title="bbox 127 701 832 778; baseline -0.001 -19"><span class='ocrx_word' id='word_1_23' title='bbox 127 703 178 759; x_wconf 90' lang='lat' dir='ltr'>Ne</span> <span class='ocrx_word' id='word_1_24' title='bbox 191 701 284 760; x_wconf 81' lang='lat' dir='ltr'>dicam</span> <span class='ocrx_word' id='word_1_25' title='bbox 297 702 388 772; x_wconf 90' lang='lat' dir='ltr'>stulte,</span> <span class='ocrx_word' id='word_1_26' title='bbox 402 702 515 772; x_wconf 80' lang='lat' dir='ltr'>mirati3</span> <span class='ocrx_word' id='word_1_27' title='bbox 538 703 559 759; x_wconf 80' lang='lat' dir='ltr'>si</span> <span class='ocrx_word' id='word_1_28' title='bbox 572 703 657 760; x_wconf 91' lang='lat' dir='ltr'>modo</span> <span class='ocrx_word' id='word_1_29' title='bbox 670 719 724 778; x_wconf 87' lang='lat' dir='ltr'>ego</span> <span class='ocrx_word' id='word_1_30' title='bbox 737 709 767 758; x_wconf 89' lang='lat' dir='ltr'>et</span> <span class='ocrx_word' id='word_1_31' title='bbox 783 719 832 758; x_wconf 87' lang='lat' dir='ltr'>vos</span> 
     </span>
     <span class='ocr_line' id='line_1_6' title="bbox 128 803 773 881; baseline -0.003 -19"><span class='ocrx_word' id='word_1_32' title='bbox 128 803 239 862; x_wconf 87' lang='lat' dir='ltr'>Scimus</span> <span class='ocrx_word' id='word_1_33' title='bbox 251 804 424 864; x_wconf 87' lang='lat' dir='ltr'>inurbanum</span> <span class='ocrx_word' id='word_1_34' title='bbox 437 804 531 881; x_wconf 92' lang='lat' dir='ltr'>lepido</span> <span class='ocrx_word' id='word_1_35' title='bbox 544 803 676 880; x_wconf 86' lang='lat' dir='ltr'><strong>seponere</strong></span> <span class='ocrx_word' id='word_1_36' title='bbox 688 803 773 871; x_wconf 71' lang='lat' dir='ltr'>dieo,</span> 
     </span>
     <span class='ocr_line' id='line_1_7' title="bbox 127 906 862 985; baseline -0.004 -20"><span class='ocrx_word' id='word_1_37' title='bbox 127 906 364 984; x_wconf 87' lang='lat' dir='ltr'>Legitimumque</span> <span class='ocrx_word' id='word_1_38' title='bbox 374 909 476 967; x_wconf 86' lang='lat' dir='ltr'>sonum</span> <span class='ocrx_word' id='word_1_39' title='bbox 488 907 585 985; x_wconf 85' lang='lat' dir='ltr'>digitis</span> <span class='ocrx_word' id='word_1_40' title='bbox 597 907 732 964; x_wconf 83' lang='lat' dir='ltr'>callemus</span> <span class='ocrx_word' id='word_1_41' title='bbox 744 915 774 963; x_wconf 88' lang='lat' dir='ltr'>et</span> <span class='ocrx_word' id='word_1_42' title='bbox 787 923 862 963; x_wconf 88' lang='lat' dir='ltr'>aure.</span> 
     </span>
     <span class='ocr_line' id='line_1_8' title="bbox 128 1011 803 1088; baseline -0.001 -19"><span class='ocrx_word' id='word_1_43' title='bbox 128 1013 267 1088; x_wconf 86' lang='lat' dir='ltr'>Ignotum</span> <span class='ocrx_word' id='word_1_44' title='bbox 281 1011 395 1088; x_wconf 82' lang='lat' dir='ltr'>tragicae</span> <span class='ocrx_word' id='word_1_45' title='bbox 408 1030 498 1088; x_wconf 87' lang='lat' dir='ltr'>genus</span> <span class='ocrx_word' id='word_1_46' title='bbox 510 1011 645 1070; x_wconf 71' lang='lat' dir='ltr'>invenill&#39;e</span> <span class='ocrx_word' id='word_1_47' title='bbox 657 1011 803 1068; x_wconf 85' lang='lat' dir='ltr'>Camoenae</span> 
     </span>
     <span class='ocr_line' id='line_1_9' title="bbox 128 1111 824 1191; baseline -0.001 -20"><span class='ocrx_word' id='word_1_48' title='bbox 128 1113 252 1185; x_wconf 87' lang='lat' dir='ltr'>Dicitur,</span> <span class='ocrx_word' id='word_1_49' title='bbox 265 1123 295 1171; x_wconf 89' lang='lat' dir='ltr'>et</span> <span class='ocrx_word' id='word_1_50' title='bbox 306 1114 433 1191; x_wconf 85' lang='lat' dir='ltr'>plaustris</span> <span class='ocrx_word' id='word_1_51' title='bbox 444 1114 548 1172; x_wconf 84' lang='lat' dir='ltr'>vexiffe</span> <span class='ocrx_word' id='word_1_52' title='bbox 560 1113 692 1190; x_wconf 73' lang='lat' dir='ltr'>poimata</span> <span class='ocrx_word' id='word_1_53' title='bbox 704 1111 824 1188; x_wconf 88' lang='lat' dir='ltr'>Thespis</span> 
     </span>
     <span class='ocr_line' id='line_1_10' title="bbox 130 1215 871 1294; baseline -0.001 -19"><span class='ocrx_word' id='word_1_54' title='bbox 130 1216 195 1275; x_wconf 77' lang='lat' dir='ltr'>Qui</span> <span class='ocrx_word' id='word_1_55' title='bbox 206 1225 338 1276; x_wconf 89' lang='lat' dir='ltr'>canerent</span> <span class='ocrx_word' id='word_1_56' title='bbox 349 1227 529 1294; x_wconf 86' lang='lat' dir='ltr'>agerentque,</span> <span class='ocrx_word' id='word_1_57' title='bbox 543 1217 671 1294; x_wconf 75' lang='lat' dir='ltr'>perunffi</span> <span class='ocrx_word' id='word_1_58' title='bbox 684 1215 801 1274; x_wconf 83' lang='lat' dir='ltr'>faecibus</span> <span class='ocrx_word' id='word_1_59' title='bbox 813 1235 871 1276; x_wconf 87' lang='lat' dir='ltr'>ora.</span> 
     </span>
     <span class='ocr_line' id='line_1_11' title="bbox 130 1318 988 1397; baseline -0.003 -19"><span class='ocrx_word' id='word_1_60' title='bbox 130 1321 194 1378; x_wconf 88' lang='lat' dir='ltr'>Post</span> <span class='ocrx_word' id='word_1_61' title='bbox 207 1320 284 1378; x_wconf 89' lang='lat' dir='ltr'>hunc</span> <span class='ocrx_word' id='word_1_62' title='bbox 296 1320 432 1397; x_wconf 77' lang='lat' dir='ltr'>personae,</span> <span class='ocrx_word' id='word_1_63' title='bbox 445 1321 583 1396; x_wconf 86' lang='lat' dir='ltr'>pallaeque</span> <span class='ocrx_word' id='word_1_64' title='bbox 597 1329 721 1396; x_wconf 86' lang='lat' dir='ltr'>repertor</span> <span class='ocrx_word' id='word_1_65' title='bbox 730 1318 862 1390; x_wconf 84' lang='lat' dir='ltr'>honestae,</span> <span class='ocrx_word' id='word_1_66' title='bbox 985 1357 988 1363; x_wconf 88' lang='lat'><em>-</em></span> 
     </span>
     <span class='ocr_line' id='line_1_12' title="bbox 130 1413 840 1500; baseline -0.006 -18"><span class='ocrx_word' id='word_1_67' title='bbox 130 1422 295 1500; x_wconf 84' lang='lat' dir='ltr'>AEschylus,</span> <span class='ocrx_word' id='word_1_68' title='bbox 308 1432 339 1482; x_wconf 88' lang='lat' dir='ltr'>et</span> <span class='ocrx_word' id='word_1_69' title='bbox 350 1413 468 1482; x_wconf 80' lang='lat' dir='ltr'>modicis</span> <span class='ocrx_word' id='word_1_70' title='bbox 480 1423 606 1482; x_wconf 87' lang='lat' dir='ltr'>instravit</span> <span class='ocrx_word' id='word_1_71' title='bbox 617 1421 728 1499; x_wconf 83' lang='lat' dir='ltr'>pulpita</span> <span class='ocrx_word' id='word_1_72' title='bbox 742 1420 840 1498; x_wconf 78' lang='lat' dir='ltr'>tignis,</span> 
     </span>
     <span class='ocr_line' id='line_1_13' title="bbox 108 1523 862 1602; baseline -0.005 -18"><span class='ocrx_word' id='word_1_73' title='bbox 108 1561 112 1570; x_wconf 91' lang='lat'><em>·</em></span> <span class='ocrx_word' id='word_1_74' title='bbox 128 1527 169 1584; x_wconf 79' lang='lat' dir='ltr'>Et</span> <span class='ocrx_word' id='word_1_75' title='bbox 181 1525 277 1584; x_wconf 88' lang='lat' dir='ltr'>docuit</span> <span class='ocrx_word' id='word_1_76' title='bbox 290 1543 485 1602; x_wconf 86' lang='lat' dir='ltr'>magnumque</span> <span class='ocrx_word' id='word_1_77' title='bbox 497 1525 576 1601; x_wconf 92' lang='lat' dir='ltr'>loqui</span> <span class='ocrx_word' id='word_1_78' title='bbox 589 1525 701 1602; x_wconf 87' lang='lat' dir='ltr'>nitique</span> <span class='ocrx_word' id='word_1_79' title='bbox 714 1523 862 1582; x_wconf 89' lang='lat' dir='ltr'>cothurno.</span> 
     </span>
     <span class='ocr_line' id='line_1_14' title="bbox 102 1618 837 1708; baseline -0.001 -22"><span class='ocrx_word' id='word_1_80' title='bbox 102 1703 105 1708; x_wconf 27' lang='grc' dir='ltr'>Ι</span> <span class='ocrx_word' id='word_1_81' title='bbox 131 1628 266 1686; x_wconf 78' lang='lat' dir='ltr'>Successit</span> <span class='ocrx_word' id='word_1_82' title='bbox 278 1637 358 1688; x_wconf 87' lang='lat' dir='ltr'>vetus</span> <span class='ocrx_word' id='word_1_83' title='bbox 372 1628 416 1686; x_wconf 85' lang='lat' dir='ltr'>his</span> <span class='ocrx_word' id='word_1_84' title='bbox 429 1628 587 1698; x_wconf 81' lang='lat' dir='ltr'>Comoedia,</span> <span class='ocrx_word' id='word_1_85' title='bbox 601 1647 660 1686; x_wconf 89' lang='lat' dir='ltr'>non</span> <span class='ocrx_word' id='word_1_86' title='bbox 673 1618 731 1686; x_wconf 79' lang='lat' dir='ltr'>sine</span> <span class='ocrx_word' id='word_1_87' title='bbox 744 1626 837 1686; x_wconf 69' lang='lat' dir='ltr'>multi</span> 
     </span>
     <span class='ocr_line' id='line_1_15' title="bbox 129 1723 842 1801; baseline 0 -13"><span class='ocrx_word' id='word_1_88' title='bbox 129 1723 245 1801; x_wconf 82' lang='lat' dir='ltr'>Laude;</span> <span class='ocrx_word' id='word_1_89' title='bbox 266 1729 314 1788; x_wconf 85' lang='lat' dir='ltr'>sed</span> <span class='ocrx_word' id='word_1_90' title='bbox 326 1725 357 1788; x_wconf 88' lang='lat' dir='ltr'>in</span> <span class='ocrx_word' id='word_1_91' title='bbox 369 1730 471 1790; x_wconf 89' lang='lat' dir='ltr'>vitium</span> <span class='ocrx_word' id='word_1_92' title='bbox 484 1731 597 1790; x_wconf 85' lang='lat' dir='ltr'>libertas</span> <span class='ocrx_word' id='word_1_93' title='bbox 610 1729 725 1800; x_wconf 84' lang='lat' dir='ltr'>excidit,</span> <span class='ocrx_word' id='word_1_94' title='bbox 739 1738 769 1788; x_wconf 90' lang='lat' dir='ltr'>et</span> <span class='ocrx_word' id='word_1_95' title='bbox 781 1728 842 1790; x_wconf 88' lang='lat' dir='ltr'>vim</span> 
     </span>
     <span class='ocr_line' id='line_1_16' title="bbox 129 1832 854 1911; baseline -0.003 -19"><span class='ocrx_word' id='word_1_96' title='bbox 129 1832 259 1911; x_wconf 81' lang='lat' dir='ltr'>Dignam</span> <span class='ocrx_word' id='word_1_97' title='bbox 271 1833 335 1911; x_wconf 84' lang='lat' dir='ltr'>lege</span> <span class='ocrx_word' id='word_1_98' title='bbox 348 1833 423 1910; x_wconf 82' lang='lat' dir='ltr'>regi:</span> <span class='ocrx_word' id='word_1_99' title='bbox 446 1833 494 1890; x_wconf 82' lang='lat' dir='ltr'>lex</span> <span class='ocrx_word' id='word_1_100' title='bbox 505 1834 545 1892; x_wconf 88' lang='lat' dir='ltr'>est</span> <span class='ocrx_word' id='word_1_101' title='bbox 558 1842 683 1909; x_wconf 87' lang='lat' dir='ltr'>accepta,</span> <span class='ocrx_word' id='word_1_102' title='bbox 697 1833 854 1910; x_wconf 88' lang='lat' dir='ltr'>chorusque</span> 
     </span>
     <span class='ocr_line' id='line_1_17' title="bbox 127 1935 747 2012; baseline 0 -20"><span class='ocrx_word' id='word_1_103' title='bbox 127 1935 266 2010; x_wconf 71' lang='lat' dir='ltr'>&#39;Iurpiter</span> <span class='ocrx_word' id='word_1_104' title='bbox 277 1935 408 2006; x_wconf 88' lang='lat' dir='ltr'>obticuit,</span> <span class='ocrx_word' id='word_1_105' title='bbox 421 1935 531 1994; x_wconf 84' lang='lat' dir='ltr'>sublato</span> <span class='ocrx_word' id='word_1_106' title='bbox 541 1935 605 2012; x_wconf 89' lang='lat' dir='ltr'>jure</span> <span class='ocrx_word' id='word_1_107' title='bbox 618 1935 747 1994; x_wconf 89' lang='lat' dir='ltr'>nocendi.</span> 
     </span>
     <span class='ocr_line' id='line_1_18' title="bbox 128 2037 711 2115; baseline -0.003 -17"><span class='ocrx_word' id='word_1_108' title='bbox 128 2038 186 2098; x_wconf 89' lang='lat' dir='ltr'>Nil</span> <span class='ocrx_word' id='word_1_109' title='bbox 198 2037 373 2096; x_wconf 85' lang='lat' dir='ltr'>intentatum</span> <span class='ocrx_word' id='word_1_110' title='bbox 386 2039 472 2096; x_wconf 88' lang='lat' dir='ltr'>nostri</span> <span class='ocrx_word' id='word_1_111' title='bbox 485 2039 592 2115; x_wconf 84' lang='lat' dir='ltr'>liquere</span> <span class='ocrx_word' id='word_1_112' title='bbox 605 2040 711 2115; x_wconf 79' lang='lat' dir='ltr'>poe&#39;tae3</span> 
     </span>
     <span class='ocr_line' id='line_1_19' title="bbox 129 2118 854 2217; baseline -0.004 -16"><span class='ocrx_word' id='word_1_113' title='bbox 129 2142 198 2202; x_wconf 87' lang='lat' dir='ltr'>Nec</span> <span class='ocrx_word' id='word_1_114' title='bbox 211 2141 365 2199; x_wconf 88' lang='lat' dir='ltr'>minimum</span> <span class='ocrx_word' id='word_1_115' title='bbox 377 2137 509 2199; x_wconf 82' lang='lat' dir='ltr'>meruere</span> <span class='ocrx_word' id='word_1_116' title='bbox 517 2118 611 2210; x_wconf 80' lang='lat' dir='ltr'>decus,</span> <span class='ocrx_word' id='word_1_117' title='bbox 626 2139 741 2217; x_wconf 88' lang='lat' dir='ltr'>vestigia</span> <span class='ocrx_word' id='word_1_118' title='bbox 754 2141 854 2198; x_wconf 84' lang='lat' dir='ltr'>Graeca</span> 
     </span>
     <span class='ocr_line' id='line_1_20' title="bbox 129 2243 805 2313; baseline -0.006 -9"><span class='ocrx_word' id='word_1_119' title='bbox 129 2245 203 2304; x_wconf 81' lang='lat' dir='ltr'>Auli</span> <span class='ocrx_word' id='word_1_120' title='bbox 212 2243 348 2312; x_wconf 85' lang='lat' dir='ltr'>deserere,</span> <span class='ocrx_word' id='word_1_121' title='bbox 362 2253 393 2301; x_wconf 90' lang='lat' dir='ltr'>et</span> <span class='ocrx_word' id='word_1_122' title='bbox 404 2244 543 2301; x_wconf 89' lang='lat' dir='ltr'>celebrare</span> <span class='ocrx_word' id='word_1_123' title='bbox 555 2243 705 2300; x_wconf 77' lang='lat' dir='ltr'>domestica</span> <span class='ocrx_word' id='word_1_124' title='bbox 717 2243 805 2313; x_wconf 73' lang='lat' dir='ltr'>fadla3</span> 
     </span>
     <span class='ocr_line' id='line_1_21' title="bbox 129 2345 806 2426; baseline -0.004 -21"><span class='ocrx_word' id='word_1_125' title='bbox 129 2347 187 2405; x_wconf 87' lang='lat' dir='ltr'>Vel</span> <span class='ocrx_word' id='word_1_126' title='bbox 196 2346 251 2426; x_wconf 86' lang='lat' dir='ltr'>¹qui</span> <span class='ocrx_word' id='word_1_127' title='bbox 262 2355 421 2422; x_wconf 83' lang='lat' dir='ltr'>praetextas,</span> <span class='ocrx_word' id='word_1_128' title='bbox 433 2345 479 2422; x_wconf 83' lang='lat' dir='ltr'>vel</span> <span class='ocrx_word' id='word_1_129' title='bbox 492 2346 542 2421; x_wconf 91' lang='lat' dir='ltr'>qui</span> <span class='ocrx_word' id='word_1_130' title='bbox 554 2346 674 2404; x_wconf 84' lang='lat' dir='ltr'>docuere</span> <span class='ocrx_word' id='word_1_131' title='bbox 688 2354 806 2421; x_wconf 84' lang='lat' dir='ltr'>togatas.</span> 
     </span>
     <span class='ocr_line' id='line_1_22' title="bbox 129 2446 788 2524; baseline -0.009 -14"><span class='ocrx_word' id='word_1_132' title='bbox 129 2450 198 2510; x_wconf 85' lang='lat' dir='ltr'>Nec</span> <span class='ocrx_word' id='word_1_133' title='bbox 207 2450 313 2507; x_wconf 89' lang='lat' dir='ltr'>virtute</span> <span class='ocrx_word' id='word_1_134' title='bbox 323 2450 398 2506; x_wconf 88' lang='lat' dir='ltr'>foret</span> <span class='ocrx_word' id='word_1_135' title='bbox 409 2447 525 2506; x_wconf 85' lang='lat' dir='ltr'>clarisve</span> <span class='ocrx_word' id='word_1_136' title='bbox 537 2448 681 2524; x_wconf 79' lang='lat' dir='ltr'>potentius</span> <span class='ocrx_word' id='word_1_137' title='bbox 695 2446 788 2518; x_wconf 87' lang='lat' dir='ltr'>annis,</span> 
     </span>
     <span class='ocr_line' id='line_1_23' title="bbox 132 2549 883 2629; baseline -0.004 -18"><span class='ocrx_word' id='word_1_138' title='bbox 132 2555 233 2612; x_wconf 77' lang='lat' dir='ltr'>Quam</span> <span class='ocrx_word' id='word_1_139' title='bbox 245 2551 353 2629; x_wconf 72' lang='lat' dir='ltr'>lingui,</span> <span class='ocrx_word' id='word_1_140' title='bbox 367 2550 492 2622; x_wconf 89' lang='lat' dir='ltr'>Latium,</span> <span class='ocrx_word' id='word_1_141' title='bbox 506 2553 527 2609; x_wconf 92' lang='lat' dir='ltr'>fi</span> <span class='ocrx_word' id='word_1_142' title='bbox 540 2569 600 2608; x_wconf 90' lang='lat' dir='ltr'>non</span> <span class='ocrx_word' id='word_1_143' title='bbox 611 2549 767 2608; x_wconf 87' lang='lat' dir='ltr'>offenderet</span> <span class='ocrx_word' id='word_1_144' title='bbox 778 2564 883 2608; x_wconf 89' lang='lat' dir='ltr'>unum·</span> 
     </span>
     <span class='ocr_line' id='line_1_24' title="bbox 132 2649 932 2732; baseline -0.003 -18"><span class='ocrx_word' id='word_1_145' title='bbox 132 2657 289 2731; x_wconf 76' lang='lat' dir='ltr'>Quemque</span> <span class='ocrx_word' id='word_1_146' title='bbox 300 2649 448 2732; x_wconf 58' lang='lat' dir='ltr'>poetarum</span> <span class='ocrx_word' id='word_1_147' title='bbox 459 2654 536 2712; x_wconf 89' lang='lat' dir='ltr'>limae</span> <span class='ocrx_word' id='word_1_148' title='bbox 549 2655 636 2725; x_wconf 90' lang='lat' dir='ltr'>labor,</span> <span class='ocrx_word' id='word_1_149' title='bbox 657 2662 688 2710; x_wconf 88' lang='lat' dir='ltr'>et</span> <span class='ocrx_word' id='word_1_150' title='bbox 700 2671 788 2712; x_wconf 90' lang='lat' dir='ltr'>mora.</span> <span class='ocrx_word' id='word_1_151' title='bbox 821 2651 932 2721; x_wconf 56' lang='lat' dir='ltr'>vosso</span> 
     </span>
     <span class='ocr_line' id='line_1_25' title="bbox 132 2755 931 2835; baseline -0.006 -16"><span class='ocrx_word' id='word_1_152' title='bbox 132 2757 287 2835; x_wconf 87' lang='lat' dir='ltr'>Pompilius</span> <span class='ocrx_word' id='word_1_153' title='bbox 300 2757 422 2835; x_wconf 80' lang='lat' dir='ltr'>sanguis,</span> <span class='ocrx_word' id='word_1_154' title='bbox 436 2775 550 2814; x_wconf 88' lang='lat' dir='ltr'>carmen</span> <span class='ocrx_word' id='word_1_155' title='bbox 563 2755 768 2834; x_wconf 80' lang='lat' dir='ltr'>reprehendite,</span> <span class='ocrx_word' id='word_1_156' title='bbox 782 2756 858 2831; x_wconf 92' lang='lat' dir='ltr'>quod</span> <span class='ocrx_word' id='word_1_157' title='bbox 872 2771 931 2814; x_wconf 85' lang='lat' dir='ltr'>non</span> 
     </span>
     <span class='ocr_line' id='line_1_26' title="bbox 131 2857 807 2933; baseline -0.006 -13"><span class='ocrx_word' id='word_1_158' title='bbox 131 2861 230 2920; x_wconf 90' lang='lat' dir='ltr'>Multa</span> <span class='ocrx_word' id='word_1_159' title='bbox 242 2860 309 2930; x_wconf 83' lang='lat' dir='ltr'>dies,</span> <span class='ocrx_word' id='word_1_160' title='bbox 324 2869 354 2917; x_wconf 88' lang='lat' dir='ltr'>et</span> <span class='ocrx_word' id='word_1_161' title='bbox 366 2859 457 2918; x_wconf 89' lang='lat' dir='ltr'>multa</span> <span class='ocrx_word' id='word_1_162' title='bbox 466 2859 561 2928; x_wconf 75' lang='lat' dir='ltr'>linita,</span> <span class='ocrx_word' id='word_1_163' title='bbox 574 2857 708 2928; x_wconf 78' lang='lat' dir='ltr'>coiircuit,</span> <span class='ocrx_word' id='word_1_164' title='bbox 722 2867 807 2933; x_wconf 88' lang='lat' dir='ltr'>atque</span> 
     </span>
     <span class='ocr_line' id='line_1_27' title="bbox 131 2961 833 3038; baseline -0.007 -15"><span class='ocrx_word' id='word_1_165' title='bbox 131 2963 301 3023; x_wconf 72' lang='lat' dir='ltr'>Praeseeum</span> <span class='ocrx_word' id='word_1_166' title='bbox 313 2962 406 3020; x_wconf 87' lang='lat' dir='ltr'>decies</span> <span class='ocrx_word' id='word_1_167' title='bbox 419 2981 477 3024; x_wconf 89' lang='lat' dir='ltr'>non</span> <span class='ocrx_word' id='word_1_168' title='bbox 490 2961 636 3038; x_wconf 83' lang='lat' dir='ltr'>castigavit</span> <span class='ocrx_word' id='word_1_169' title='bbox 649 2962 685 3018; x_wconf 90' lang='lat' dir='ltr'>ad</span> <span class='ocrx_word' id='word_1_170' title='bbox 697 2977 833 3037; x_wconf 85' lang='lat' dir='ltr'>unguem.</span> 
     </span>
    </p>
   </div>
   <div class='ocr_carea' id='block_1_3' title="bbox 131 3064 861 3330">
    <p class='ocr_par' dir='ltr' id='par_1_3' title="bbox 131 3064 861 3330">
     <span class='ocr_line' id='line_1_28' title="bbox 131 3064 861 3144; baseline -0.007 -18"><span class='ocrx_word' id='word_1_171' title='bbox 131 3065 288 3144; x_wconf 86' lang='lat' dir='ltr'>Ingenium</span> <span class='ocrx_word' id='word_1_172' title='bbox 300 3064 401 3124; x_wconf 67' lang='lat' dir='ltr'>miseri</span> <span class='ocrx_word' id='word_1_173' title='bbox 413 3066 480 3142; x_wconf 87' lang='lat' dir='ltr'>quia</span> <span class='ocrx_word' id='word_1_174' title='bbox 493 3065 664 3126; x_wconf 87' lang='lat' dir='ltr'>fortunatius</span> <span class='ocrx_word' id='word_1_175' title='bbox 678 3073 738 3124; x_wconf 85' lang='lat' dir='ltr'>arte</span> <span class='ocrx_word' id='word_1_176' title='bbox 858 3079 861 3084; x_wconf 87' lang='lat'>·</span> 
     </span>
     <span class='ocr_line' id='line_1_29' title="bbox 131 3167 787 3244; baseline -0.005 -15"><span class='ocrx_word' id='word_1_177' title='bbox 131 3168 242 3239; x_wconf 88' lang='lat' dir='ltr'>Credit,</span> <span class='ocrx_word' id='word_1_178' title='bbox 255 3177 285 3228; x_wconf 89' lang='lat' dir='ltr'>et</span> <span class='ocrx_word' id='word_1_179' title='bbox 298 3169 424 3230; x_wconf 84' lang='lat' dir='ltr'>excludit</span> <span class='ocrx_word' id='word_1_180' title='bbox 437 3167 669 3244; x_wconf 74' lang='lat' dir='ltr'>sanoe&#39;Helicone</span> <span class='ocrx_word' id='word_1_181' title='bbox 682 3167 787 3244; x_wconf 71' lang='lat' dir='ltr'>poitae,</span> 
     </span>
     <span class='ocr_line' id='line_1_30' title="bbox 194 3289 595 3330; baseline 0.002 -2"><span class='ocrx_word' id='word_1_182' title='bbox 194 3289 264 3330; x_wconf 77' lang='lat' dir='ltr'>vor.</span> <span class='ocrx_word' id='word_1_183' title='bbox 278 3291 316 3330; x_wconf 85' lang='lat'>11.</span> <span class='ocrx_word' id='word_1_184' title='bbox 571 3290 595 3329; x_wconf 82' lang='lat' dir='ltr'>u</span> 
     </span>
    </p>
   </div>
   <div class='ocr_carea' id='block_1_4' title="bbox 0 0 1128 3686">
    <p class='ocr_par' dir='ltr' id='par_1_4' title="bbox 0 0 1128 3686">
     <span class='ocr_line' id='line_1_31' title="bbox 0 0 1128 3686; baseline 0 0"><span class='ocrx_word' id='word_1_185' title='bbox 0 0 1128 3686; x_wconf 95' lang='lat' dir='ltr'> </span> 
     </span>
    </p>
   </div>
  </div>
 </body>
</html>
