2238 3686
399 237 444 284 ru
470 225 705 286 nonnarum

189 347 244 396 Ver.
258 361 297 408 70.
313 362 399 411 p.-ro3.
438 349 541 398 ‘Notam
561 351 726 410 admirationis‚'
742 351 798 413 quod
812 351 883 412 aiunt,
901 355 948 416 post

156 440 167 466 ‘
178 437 240 483 libct’
252 439 325 500 posui:
343 453 371 484 ne
380 439 482 486 Vulteius
493 440 570 498 noster,
587 440 655 502 quise
666 437 731 487 modo
741 450 787 488 tam
806 439 888 488 urbani
897 443 951 490 Phi·

156 527 219 589 Iippo
233 528 377 586 excusaverat,
399 529 522 576 rusticitatis
538 544 584 575 non
601 530 716 576 toleranda:
732 531 805 578 statim
823 533 951 593 postuletur,

158 626 185 661 ut
201 616 297 662 incultus
306 617 405 676 Calaber,
420 619 483 680 epist.
494 619 531 666 vii.
551 631 587 680 19.
731 673 733 681 Ι

193 706 251 752 XII.
263 719 301 751 22.
311 723 332 768 p.
341 719 393 752 110.
410 711 417 736 ‘
426 709 494 754 Utere
502 707 745 769 Pompeio.'-Morem
753 707 801 768 gessi
810 709 952 768 Marklando,

127 801 131 808 '
159 810 236 841 veram
246 795 335 856 hujusce
345 797 385 843 loci
396 796 559 859 interpungendi
570 800 677 844 rationem
688 799 761 860 primo
772 800 910 849 monstranti.

194 885 274 938 XVII.
292 899 305 930 2
310 897 330 945 5.
347 901 368 946 p.
379 887 431 931 120'.
464 883 576 945 ίΟοηῑτὲ,
593 887 821 950 quem.’-Obsequor
830 890 901 936 eidem
910 890 954 936 cri-

158 971 205 1018 tico
215 969 265 1019 veri
273 972 398 1033 dijudicanti
410 974 435 1020 ad
447 976 576 1027 Maximum
587 975 694 1038 Tyrium.
751 989 753 997 ⁴

194 1062 290 1109 XVIII.
310 1076 347 1122 37.
371 1079 392 1124 p.
410 1077 463 1123 123.
501 1067 635 1110 ‘Arcanum
652 1065 952 1126 neque‘-1ntu1iemenda-

159 1141 244 1197 tionem
255 1151 355 1209 Bentleii,
371 1167 438 1213 quam
449 1162 470 1198 et
481 1152 523 1215 ipse
533 1151 617 1200 dudirm
626 1155 806 1214 excogitaveram.

370 1383 405 1420 IN
427 1381 548 1420 LIBRUM
572 1379 749 1420 SECUNDUM.

195 1546 218 1591 1.
232 1541 284 1605 196.
301 1560 323 1606 p,
331 1543 384 1604 138.
407 1544 473 1591 ‘Sive
482 1543 720 1606 elephas.’-Rationes
730 1541 818 1604 hujusce
829 1543 953 1606 interpunc-

165 1634 232 1680 tionis
241 1629 309 1694 uupir
320 1633 368 1679 dodi
377 1633 403 1680 ad
412 1633 470 1680 sttv.
482 1633 539 1680 Crit.
555 1633 586 1678 ἰν.
602 1649 624 1694 p.
636 1646 659 1679 2.

195 1725 250 1768 Ver.
263 1709 319 1780 aoy.
339 1739 363 1784 p.
376 1737 428 1784 139.
462 1725 468 1768 ‘.
480 1723 547 1769 Laena
553 1722 763 1778 ,Tarentinum-no
782 1737 861 1771 manus
872 1723 955 1772 Mark-

164 1811 227 1857 lando
238 1811 295 1858 hunc
304 1812 379 1858 locum
390 1811 417 1857 fic
427 1811 550 1870 corrigend,
566 1810 628 1872 epist.
638 1809 687 1856 crit.
704 1826 724 1872 p
738 1810 777 1869 87.

95 1905 97 1909 “
196 1901 248 1947 Ver.
260 1913 314 1961 213.
349 1904 356 1930 ‘
368 1901 404 1958 Et,
415 1915 491 1960 magus
501 1895 644 1946 uta-Reda
654 1899 755 1946 videmur
765 1899 857 1948 statuisse
872 1901 898 1947 de
914 1901 955 1948 hoc

164 1987 270 2036 versiculo
281 1990 305 2036 in
316 1990 372 2036 Silv.
385 1991 442 2036 erit.
459 1989 489 2036 iv.
505 2005 526 2051 p.
540 2002 561 2050 3.

196 2079 249 2126 Ver.
260 2079 300 2124 ult.
310 2095 331 2140 p.
344 2091 397 2137 141.
429 2077 485 2124 Ausi
496 2079 571 2124 sumus
582 2093 683 2140 reponere
693 2093 770 2125 vocem
779 2079 851 2126 menti
861 2078 957 2131 auctoris

163 2167 315 2228 multomagis
326 2166 527 2214 accommodatam:
546 2165 600 2212 sicut
610 2165 671 2212 enim
681 2182 726 2212 non
737 2165 786 2213 rard
796 2167 831 2226 fit,
843 2183 880 2230 per
891 2184 957 2230 prava

162 2257 281 2303 hominum
289 2255 378 2316 judicia,
394 2256 461 2302 bonos
475 2255 540 2302 libros
550 2265 572 2301 et
582 2252 697 2314 frugiferos
712 2255 820 2302 mercibus
829 2257 957 2305 amiciendis

162 2348 277 2403 destinari;
295 2343 325 2393 itt
338 2345 410 2394 rursus
420 2349 427 2375 ‘
438 2345 519 2392 chartae
528 2345 618 2407 ineptae’
631 2345 693 2390 nullo
703 2346 788 2404 negotio
799 2345 909 2408 saepiffimd
917 2364 956 2396 ve-

161 2437 211 2484 nire
220 2438 331 2494 novimus,
347 2447 369 2482 et
378 2435 481 2482 Iediitari.
515 2434 580 2481 Nos:
607 2435 624 2462 “
635 2433 693 2479 Such
704 2432 898 2498 booksasnobody
908 2437 956 2484 will

164 2530 181 2556 “
191 2525 260 2588 buy.‘'
294 2524 361 2592 Qud
369 2535 391 2570 et
401 2538 479 2569 verum
490 2523 528 2581 est,
545 2532 566 2568 et
577 2520 680 2568 facetum.
713 2522 772 2568 Illud
782 2539 827 2569 non
837 2521 900 2572 item.

197 2615 231 2661 II.
245 2612 280 2660 16.
296 2630 317 2675 p.
329 2625 381 2672 ¹42·
408 2611 501 2669 Omnes,
509 2625 561 2672 quas
569 2610 662 2656 viderim
669 2608 777 2672 equidim,
784 2612 887 2660 editiones
895 2611 958 2678 plen?

164 2703 298 2763 distinguunt
309 2702 402 2748 adhunc
413 2701 508 2747 versum.
539 2697 608 2746 Prave
618 2695 718 2756 omnino,
730 2709 795 2760 atque
804 2699 886 2760 insciti,
897 2703 957 2750 sensu

164 2791 263 2839 nondum
274 2791 352 2837 finito:
371 2805 424 2836 nam
434 2789 486 2834 ordo
495 2789 540 2834 est:
567 2791 584 2817 “
600 2788 623 2834 Si
634 2787 682 2849 quis
697 2797 772 2835 tecum
788 2787 816 2836 tic
831 2800 894 2851 agat:
912 2791 957 2839 Hic

162 2887 181 2912 “
191 2883 230 2938 est,
242 2878 274 2944 (ct
285 2896 334 2942 quae
344 2880 470 2940 sequuntur,
485 2876 587 2938 usquead
597 2891 672 2923 vocem
684 2874 784 2942 dedic)
796 2876 835 2924 istc
846 2875 899 2926 fetat
908 2894 958 2943 pre-

164 2973 181 3000 “
192 2970 259 3026 tium,
275 2969 361 3030 opinor,
377 2969 461 3014 securus
471 2965 565 3027 poenae.''

196 3061 250 3106 Ver.
268 3070 306 3118 32·
340 3059 347 3086 ‘
359 3056 437 3103 Clarus
447 3055 474 3100 ob
484 3053 610 3100 id.'-Non
620 3051 759 3101 reformidavi
769 3056 862 3118 propriae
873 3055 958 3120 conjec-

163 3159 228 3206 turae,
244 3146 315 3194 Flacci
326 3143 438 3200 studiosus,
454 3143 572 3204 indulgere.
604 3142 683 3191 Paffim
694 3143 767 3193 turbat
780 3145 805 3193 in
819 3145 856 3194 uis
869 3144 959 3196 vocibus
