2242 3680
384 245 391 255 “
425 243 522 312 LIB.
551 249 574 310 1.
612 249 652 310 iv'.
682 253 686 266 ’
889 253 931 321 rr

383 521 587 580 snmus
621 520 678 602 w1v.
745 489 748 502 '

131 682 278 768 Eirieus,
294 707 380 776 atque
394 700 536 771 Cratinus,
551 698 815 775 Aristophanesque,
829 697 930 773 poitae,

130 801 228 875 Atque
240 801 299 872 alii,
314 809 436 878 quorum
449 802 598 861 Comoedia
609 801 698 878 prisca
711 799 837 858 virorum
850 799 898 871 est,

130 901 159 958 si
171 903 235 978 quis
247 913 307 961 erat
321 905 425 982 dignus
438 905 566 976 describi,
587 905 664 980 quod
677 902 768 962 malus
781 921 813 959 ac
827 901 883 972 fur,

131 1005 219 1062 Quod
233 1007 361 1066 mtec'hus
372 1009 455 1079 foret,
469 1017 519 1065 ant
531 1007 652 1076 ficatiru,
671 1013 721 1064 aut
734 1003 840 1080 alioqui

129 1107 272 1180 FamosuS,
286 1111 379 1168 multa
391 1129 458 1168 cum
470 1110 600 1168 libertate
614 1110 760 1166 notabant.

128 1210 208 1268 Hinc
219 1212 312 1270 omnis
323 1215 429 1289 pendet
443 1211 576 1283 Lucilius,
597 1212 682 1268 hosce
694 1211 813 1282 secutus,

123 1313 377 1373 Mutatis'tantum
390 1315 508 1392 pedibus
518 1313 702 1389 numerisque
707 1337 716 1383 3
738 1313 855 1384 facetus,

127 1416 276 1474 Emunctae
290 1417 373 1488 naris,
394 1420 480 1477 durus
490 1433 659 1493 componere
671 1414 773 1485 versus,

126 1519 158 1577 N
159 1527 207 1577 arri
220 1520 277 1578 fuit
290 1521 344 1578 hoc
357 1520 489 1590 vitiosus3
510 1508 541 1576 in
554 1517 624 1575 hort
637 1517 710 1593 saepe
722 1517 867 1587 ducentos,

10 1701 12 1704 Ι
127 1622 170 1678 Ut
182 1633 331 1700 magnum,
346 1622 439 1681 versus
452 1621 585 1692 dicabat,
599 1621 671 1678 stans
683 1620 755 1696 pede
767 1618 798 1676 iu
812 1637 884 1676 unos

127 1724 206 1782 Cum
219 1725 321 1784 flueret
333 1725 500 1796 lutulentus,
512 1734 572 1782 erat
585 1724 662 1800 quod
675 1721 773 1780 tollere
785 1721 886 1791 velles5

120 1827 271 1898 Garrulus,
285 1837 371 1905 atque
383 1828 464 1905 piger
475 1827 614 1886 scribendi
626 1826 700 1882 ferre
713 1825 851 1895 laborem3

119 1929 272 1988 ‘Scribendi
285 1932 373 1989 recte:
389 1947 466 1999 narn,
478 1939 511 1986 ut
523 1929 657 2000 multum,
670 1927 711 1984 nil
722 1945 824 1985 moror.
845 1913 927 1998 Ecce,

124 2032 270 2109 Crispinus
284 2052 402 2092 nummo
415 2051 463 2092 me
474 2041 616 2107 provocat.
656 2029 868 2106 Accipe,.s1vis,

122 2135 233 2211 Accipe
242 2135 304 2212 jam
317 2135 441 2206 tabulas3
462 2136 545 2192 detur
557 2133 638 2190 nobis
648 2133 737 2202 locus,
752 2133 829 2202 hora,

124 2238 275 2296 Custodes:
296 2238 441 2297 videamus
453 2246 518 2294 uter
529 2236 593 2313 plus
605 2235 724 2292 scribere
736 2234 831 2309 poffit.

122 2341 162 2398 Di
175 2343 250 2398 bene
263 2341 400 2412 fecerunt,
414 2339 507 2415 inopis
520 2357 567 2396 me
579 2338 712 2414 qnodque
724 2335 818 2412 pusilli

123 2444 281 2502 Finxerunt
294 2444 391 2514 animi,
405 2461 468 2500 raro
478 2449 508 2499 et
519 2459 659 2518 perpauca
671 2437 827 2514 loquentis:

123 2548 167 2604 At
180 2555 214 2604 tu
226 2547 370 2604 conclusas
383 2544 499 2602 hircinis
511 2543 626 2600 follibus
638 2559 728 2612 auras,

123 2649 222 2726 Usque
234 2649 392 2708 laborantes
407 2649 477 2706 dum
491 2647 598 2704 serrum
609 2643 721 2701 molliat
733 2643 818 2720 ignis,

123 2753 168 2811 Ut
179 2751 278 2823 maris,
292 2752 413 2810 imitare.
452 2751 555 2807 Beatus
569 2746 700 2816 Fannius,
722 2745 798 2802 ultro

123 2855 236 2913 Delatis
249 2855 335 2931 capsis
348 2863 378 2912 et
393 2852 518 2930 imagine
524 2876 532 2922 3
554 2869 622 2908 cum
633 2867 697 2906 mea
710 2865 795 2904 nemo
811 2881 812 2888 κ

123 2957 232 3034 Scripta
244 2959 331 3036 legat,
343 2957 429 3034 vulgo
439 2954 556 3013 recitare
567 2949 702 3022 timentis,
716 2951 753 3006 ob
766 2947 841 3005 hanc
854 2967 924 3022 rem,

122 3061 213 3119 Quod
225 3061 291 3118 sunt
308 3079 379 3137 quos
398 3077 487 3137 genus
503 3057 559 3115 hoc
572 3052 691 3112 minime
700 3049 791 3127 juvat,
811 3059 925 3128 utpote

200 3163 296 3240 plures

162 3285 236 3327 von.
252 3285 288 3326 11.
525 3280 543 3317 c
