2242 3680
177 207 217 258 52
418 197 733 269 SERMONUM,

178 326 268 384 Nunc
279 325 361 396 mihi,
374 343 451 382 nuuc
464 325 522 383 alii.
563 327 705 382 Quocirca
717 324 805 382 vivite
818 324 916 391 fortes,
985 311 990 318 ’

179 432 331 506 Fortiaque
342 431 460 488 adversis
473 429 608 507 opponite
620 432 733 507 pectora
745 432 837 487 rebus.

426 765 635 845 surina
675 764 729 819 111.

179 945 231 999 Src
245 961 307 999 raro
320 941 424 1012 scribis,
445 951 479 998 ut
492 953 552 999 toto
567 962 624 1012 non
638 951 738 1017 quater
751 959 826 996 anno

179 1033 381 1102 Membranarn
398 1045 502 1120 poscas,
524 1045 691 1120 scriptorum
705 1061 826 1118 quaeque
839 1049 981 1108 retexens,

178 1147 271 1204 Iratus
284 1145 346 1214 tibi,
360 1147 436 1220 quod
446 1147 505 1202 vini
519 1147 666 1223 somnique
682 1145 822 1221 benignus

178 1249 232 1306 Nil
245 1249 367 1325 dignum
379 1249 507 1306 sermone
520 1269 611 1306 canas.
654 1248 735 1306 Quid
747 1248 814 1304 siet?
841 1255 871 1303 at
883 1245 950 1322 ipfie
979 1263 981 1266 ·

179 1350 372 1408 Saturnalibus
384 1351 440 1408 huc
453 1351 564 1428 fugisti3
586 1352 692 1408 sobrius
705 1369 773 1428 ergo

178 1454 235 1512 Dic
247 1453 354 1530 aliquid
368 1453 488 1530 dignum
501 1455 654 1530 promissis:
676 1449 770 1529 incipe
775 1477 783 1522 5
805 1450 847 1507 nil
860 1451 910 1508 est.

179 1557 341 1632 Culpantur
352 1558 452 1614 frustra
466 1557 581 1626 calami;
603 1556 818 1630 immeritusque
831 1554 942 1612 laborat

178 1659 261 1716 Iratis
274 1668 357 1716 natus
370 1659 460 1735 paries
473 1661 515 1716 dis
529 1667 614 1734 atque
627 1659 724 1735 poetis.

178 1761 272 1835 Atqui
284 1761 379 1818 vultus
392 1771 452 1818 erat
464 1763 556 1818 multa
569 1773 598 1818 et
610 1761 742 1837 praeclara
756 1760 901 1830 minantiS,

178 1864 207 1920 Si
221 1863 451 1938 vacuum-tepido
464 1863 577 1939 cepisset
589 1864 688 1921 villula
697 1863 781 1920 teetn

180 1965 326 2023 Quorsum
338 1965 477 2041 pertinuit
490 1967 588 2042 stipare
603 1967 718 2024 Platona
732 1966 910 2022 Menandro?

178 2069 311 2145 Eupolin,
326 2069 516 2128 Archilocho?
537 2071 655 2126 comites
667 2070 785 2126 educere
798 2065 908 2124 tantos?

178 2171 322 2229 Invidiam
334 2173 444 2247 placare
457 2191 537 2248 paras
549 2173 665 2230 Virtute
678 2171 790 2230 relictd?

179 2275 379 2344 Contemnere,
393 2274 491 2332 miser:
514 2275 629 2332 uitanda
639 2275 679 2332 est
692 2276 820 2351 improba
834 2275 914 2331 Siren
956 2290 963 2300 “

177 2376 291 2434 Desidia
297 2401 305 2447 3
329 2386 387 2446 aut,
402 2377 537 2453 quicquid
548 2377 607 2434 vitat
620 2377 737 2435 meliore
750 2377 861 2454 parasti,

178 2480 345 2536 Ponendum
363 2480 568 2554 aequo-animo.
609 2479 706 2549 Dite,
730 2481 909 2556 Damasippe,
931 2481 982 2538 de·

229 2616 233 2622 -
257 2601 337 2657 aeque

80 2723 89 2738 .
177 2685 287 2742 Verum
300 2686 336 2740 ob
350 2670 500 2742 consiliuin
512 2687 619 2742 donent
633 2685 757 2742 tonsore:
780 2686 828 2742 sed
844 2688 921 2744 unde

176 2788 252 2845 Tam
264 2789 338 2844 bene
351 2807 397 2844 me
411 2787 499 2844 nosti?
530 2788 678 2862 Postquam
692 2787 785 2844 omnis
798 2805 840 2845 res
853 2807 916 2846 mea
931 2790 983 2865 Ja-

254 2909 327 2946 num

177 2993 226 3049 Ad
236 2992 364 3050 medium
375 2993 463 3051 fratta
477 2993 525 3063 est,
539 2994 629 3052 aliena
644 2995 757 3072 negotia
771 3013 848 3065 cure,

177 3094 312 3154 Excuffus
325 3096 456 3172 propriis:
479 3097 550 3156 olim
562 3117 630 3156 nam
644 3117 769 3172 quaerere
782 3099 914 3156 amabam
994 3101 998 3148 ἰ
