2238 3686
417 229 509 288 LIB.
540 231 562 287 I.
603 229 681 288 xviii.
881 233 935 284 12⁵
965 257 966 262 κ

137 353 204 414 Hoc
217 373 280 431 age,
295 373 331 412 ne
343 362 452 414 mutata
465 356 617 414 retrorsum
629 365 657 413 te
671 357 743 413 serat
756 373 831 414 aura.

137 460 272 517 Oderunt
284 457 403 514 hilarem
415 458 513 528 tristes,
528 459 690 534 tristemque
698 457 802 534 joeofi;
854 475 856 480 ·

138 562 276 618 Sedatum
288 561 398 630 celeres,
412 561 516 637 agilem
530 579 711 636 gnavumque
723 560 840 631 remiffi;

139 667 253 722 Potores
266 663 357 720 bibuli
367 663 461 720 rnedid
472 665 510 738 de
519 664 582 724 luce
595 663 705 722 Falerni

138 767 273 824 Oderunt
283 767 408 840 porredta
419 775 572 841 negantem
583 765 700 841 pocula,
723 767 862 841 quamvis,

141 869 306 927 Nodturnoe
313 867 389 944 jures
401 878 430 924 tc
443 867 594 924 formidare
608 877 724 942 tepores.

141 974 236 1030 Derne
248 971 396 1046 supercilio
409 973 528 1028 nubem:
551 971 717 1046 plerumque
730 972 868 1029 modestus

142 1076 275 1150 Occupat
288 1073 399 1130 obscuri
411 1072 541 1148 speciem,
560 1073 715 1130 taciturnus
728 1073 830 1133 acerbi.

142 1181 223 1236 Inter
236 1178 336 1234 cundia
349 1177 434 1252 leges,
449 1185 478 1232 et
489 1178 706 1252 percundtabcrc
719 1179 823 1250 dodos,

144 1281 214 1338 Qua
226 1280 335 1338 ratione
347 1299 432 1354 queas
444 1280 589 1336 traducere
602 1279 703 1336 leniter
714 1299 825 1352 aevum,

143 1385 192 1442 Ne
206 1393 235 1440 te
248 1383 356 1457 semper
368 1381 449 1456 inops
463 1381 552 1458 agitet
563 1391 703 1457 vexetque
716 1383 828 1458 cupido,

143 1487 192 1544 Ne
202 1505 297 1562 pavor,
311 1493 341 1542 et
350 1503 445 1542 rerum
458 1484 636 1541 mediocriter
648 1484 764 1542 utilium
776 1485 853 1560 spes:

143 1589 291 1648 Virtutem
301 1586 428 1644 dodrina
439 1596 527 1661 paret,
541 1595 679 1645 naturane
691 1589 776 1645 donet
785 1614 805 1659 5·

147 1691 229 1750 Ouid
241 1691 353 1748 minuat
366 1709 455 1761 curas,
469 1689 538 1765 quid
547 1699 580 1746 'te
595 1689 647 1746 tibi
660 1691 759 1748 reddat
772 1691 910 1764 amicum3

145 1795 227 1853 Ouid
236 1812 306 1869 pure
320 1792 493 1867 tranquillet,
514 1791 611 1862 honos,
626 1811 663 1850 an
677 1794 759 1850 dulce
770 1795 913 1866 lucellum,

146 1901 196 1956 An
209 1897 346 1954 secretum
359 1896 421 1966 iter,
435 1904 465 1952 et
478 1895 601 1952 fallentis
612 1897 712 1954 semita
723 1897 798 1954 vitae.

146 2001 199 2058 Me
212 1999 321 2075 quoties
332 1998 424 2056 reficit
437 1997 545 2074 gelidus
555 1998 691 2074 Digentia
703 1999 788 2071 rivus,

147 2105 247 2162 Quem
258 2101 394 2160 Mandela
406 2100 489 2170 bibit,
508 2101 625 2176 rugosus
637 2101 742 2178 frigore
754 2121 857 2180 pagus3

146 2207 229 2266 Ouid
241 2203 344 2263 sentire
357 2206 455 2280 putas?
477 2203 547 2278 quid
559 2204 658 2274 credis,
674 2205 773 2276 amice,
786 2208 911 2282 precari?

145 2309 189 2368 Sit
202 2309 281 2380 mihi,
297 2307 374 2384 quod
385 2325 462 2363 nunc
475 2307 523 2376 est,
544 2305 632 2364 etiam
644 2307 752 2378 minus,
774 2316 803 2364 et
816 2309 888 2366 mihi
901 2311 942 2368 vi·

224 2425 291 2469 vam

151 2515 241 2574 Quod
253 2514 374 2589 superest
387 2513 449 2583 aevi,
463 2512 483 2569 s1
497 2511 566 2586 quid
578 2510 714 2586 superesse
726 2513 826 2570 volunt
839 2515 877 2572 dl.

147 2619 191 2678 Sit
203 2620 278 2676 bona
291 2616 437 2686 librorum,
451 2623 481 2671 et
492 2614 609 2689 provisae
625 2613 714 2690 frugis
726 2614 758 2672 in
771 2635 886 2688 annum,

148 2722 248 2798 Copia,
263 2740 299 2777 ne
312 2719 424 2776 fluitem
436 2717 530 2774 dubiae
543 2717 591 2791 spe
602 2717 740 2792 pendulus
752 2718 838 2777 horae.

115 2830 118 2834 ’
150 2826 204 2883 Sed
217 2823 282 2883 satia
294 2823 334 2880 est
346 2839 424 2879 orare
437 2821 546 2897 Jovem,
562 2839 625 2896 quae
637 2821 733 2892 donat,
747 2829 778 2878 et
790 2822 894 2880 aufert:

147 2930 207 2986 Det
219 2927 318 2996 vitam,
340 2926 389 2982 det
401 2941 483 2998 opes3
505 2941 619 2997 aequum
633 2924 674 2980 ml
687 2922 816 2980 animum
825 2923 884 3000 ipse
896 2925 957 3001 pa-¹

227 3030 302 3086 rab0.
