2238 3686
168 188 209 252 92
298 186 302 194 '
382 185 750 254 EPISTOLARUM‚

169 306 326 366 Stultorum
338 328 438 388 regum
451 323 481 370 et
493 315 662 390 populorum
677 311 805 372 continet
818 311 906 368 aestus.

170 411 303 468 Antenor
315 414 410 471 censet
423 416 491 473 belli
504 416 655 492 praecidere
668 415 788 473 causam.

170 513 258 572 Quod
272 515 355 586 Paris,
367 527 400 574 ut
414 517 504 576 salvus
517 528 625 596 regnet,
638 519 771 594 vivatque
783 519 892 586 beatus,

167 615 242 693 Cogi
252 618 328 694 posse
341 631 435 696 negat.
476 621 578 679 Nestor
590 639 758 696 componere
771 618 835 675 lites

74 714 76 720 ’
167 720 247 778 Inter
260 721 374 779 Peliden
387 723 509 794 festinat,
526 733 555 780 et
567 724 642 780 inter
656 722 793 782 Atriden:

167 824 255 880 Hunc
265 845 352 897 amor,
361 826 402 884 ira
410 826 528 902 quidem
538 826 728 884 communiter
736 824 965 898 uritutrumque.

168 927 316 1004 Quicquid
332 929 454 988 delirant
466 949 555 1006 reges
576 928 739 1004 pledtuntur
750 925 865 984 Achivi.

167 1029 319 1102 Seditione,
333 1032 412 1102 dolis,
425 1032 536 1102 scelere,
551 1041 636 1107 atque
649 1029 777 1098 libidine,
791 1038 821 1085 et
833 1028 884 1098 ird,

166 1132 267 1190 Iliacos
279 1133 354 1191 intra
365 1153 460 1192 muros
471 1145 614 1211 peccatur,
628 1143 657 1191 et
670 1144 759 1190 extra.

166 1235 299 1306 Rursum,
314 1237 383 1314 quid
396 1237 493 1308 virtus,
508 1247 537 1295 et
550 1237 619 1312 quid
632 1235 769 1312 sapientia
782 1234 866 1310 poffit

165 1338 256 1408 Utile,
270 1339 414 1415 proposuit
427 1339 508 1397 nobis
521 1339 666 1414 exemplar
678 1337 825 1414 Ulyssem,

167 1442 229 1498 Qui
242 1443 365 1500 domitor
374 1443 477 1510 Troiae,
491 1443 647 1498 multorum
658 1440 791 1516 providus
803 1441 886 1496 urbes

165 1545 203 1601 Et
216 1564 306 1602 mores
317 1544 467 1602 hominum
478 1543 618 1619 inspexit3
639 1545 787 1618 latumque
797 1561 848 1618 per
858 1561 962 1618 aequor,

164 1647 245 1704 Dum
258 1649 318 1718 fibi,
339 1649 408 1704 dum
421 1646 510 1716 sociis,
525 1646 649 1703 reditum
661 1656 751 1721 parat,
765 1644 860 1720 aspera
873 1646 963 1705 multa

164 1750 292 1820 Pertulit,
307 1750 426 1807 adversis
437 1768 532 1806 rennn
543 1748 740 1808 immersabilis
752 1747 844 1805 undis.

166 1851 296 1908 Sirenum
308 1871 398 1922 voces,
412 1861 442 1908 et
455 1851 546 1908 Circae
559 1852 670 1927 pocula,
684 1851 769 1922 nosti,

166 1956 242 2012 Quae
255 1954 275 2012 fi
288 1974 356 2012 curn
368 1953 448 2011 sociis
462 1953 561 2012 stultus
574 1953 749 2029 cupidusque
762 1953 884 2025 bibisset,

165 2058 223 2114 Sub
235 2057 349 2114 domins
363 2055 509 2114 meretrice
522 2055 617 2113 fuisset
630 2055 727 2132 turpis,
741 2066 771 2114 ct
783 2076 897 2128 excors,

164 2160 284 2218 Vixisset
297 2160 373 2218 canis
386 2160 560 2229 immundus,
571 2159 616 2217 vel
631 2159 721 2218 amica
734 2159 796 2217 luto
809 2160 862 2217 sus.

163 2263 226 2320 Nos
240 2283 373 2321 numerus
386 2263 490 2333 sumno,
503 2273 533 2320 et
543 2263 639 2340 fruges
653 2263 818 2321 consumere
831 2263 902 2334 nati,

164 2367 261 2440 Sponsr
274 2367 429 2442 Penelopae,
444 2367 608 2435 nebulones,
623 2365 804 2442 Alcinoique,
844 2433 847 2438 ‚

163 2470 199 2525 In
212 2478 277 2525 cute
290 2470 413 2526 curanda
428 2469 491 2544 plus
505 2487 586 2543 aequo
599 2477 723 2545 operata,
733 2466 868 2544 juventus
873 2495 881 2540 ;

164 2570 220 2628 Cui
234 2569 385 2646 pulchrum
397 2571 454 2627 fuit
465 2570 497 2627 in
507 2569 614 2627 medios
626 2569 749 2628 dormire
762 2571 831 2642 dies,
845 2581 875 2628 et

163 2674 213 2731 Ad
227 2671 372 2749 strepitum
384 2671 499 2730 citharae
513 2672 665 2729 cessantem
678 2673 781 2730 ducere
794 2674 935 2735 somnum.

162 2776 207 2832 Ut
216 2773 349 2852 jugulent
362 2773 517 2845 hominem,
530 2773 648 2851 surgunt
660 2775 695 2832 de
707 2776 788 2833 noste
801 2777 937 2849 latrones3

162 2877 206 2934 Ut
220 2876 342 2952 teipsum
355 2876 452 2946 serves,
467 2895 525 2933 non
537 2877 753 2954 expergisceris?
778 2879 866 2958 atqui,
906 2901 909 2906 ·

162 2978 193 3034 Si
206 2980 282 3037 noles
294 2981 386 3051 sanus,
403 2998 496 3036 curres
509 2979 694 3056 hydropicus:
721 2991 759 3052 et,
774 2981 804 3038 ni
911 2969 913 2974 ’

163 3079 259 3138 Posces
273 3091 339 3139 ante
352 3083 429 3140 diem
441 3081 547 3140 librum
560 3101 626 3139 curn
639 3083 756 3160 lumine,
771 3084 793 3144 fi
806 3102 863 3148 non
897 3109 899 3114 ·
