2238 3686
167 223 222 274 roa
374 202 747 286 uprsrorauuu,

164 345 260 399 Laetus
272 342 345 400 sorte
358 343 408 400 tui
420 343 496 401 vives
508 343 655 420 sapienter,
669 344 770 413 Arisri;
806 327 809 334 ¹

164 445 228 502 Nec
240 463 287 502 me
301 444 427 504 dimittes
438 446 645 523 incastigatum,
658 447 708 504 ubi
718 447 800 522 plura

164 545 275 624 Cogere
288 567 374 624 quam
387 548 452 606 satis
465 550 513 620 est,
528 569 629 607 aenon
643 549 744 606 cessare
756 548 882 606 videbor:

165 651 298 725 Imperat,
312 659 362 707 aut
375 650 466 721 servit,
486 651 601 710 colletta
615 651 735 728 pecunia
748 651 866 726 cuique,

165 754 288 810 Tortum
301 753 387 829 digna
400 753 478 828 sequi
491 754 596 830 potius,
610 773 698 829 quam
709 754 821 822 ducere,
835 752 946 808 funem.

166 856 239 912 Haec
251 854 304 913 tibi
318 855 459 914 dietabaru
469 857 529 932 post
542 857 643 913 fanum
653 865 735 932 putre
744 856 871 912 Vacunae
878 879 886 924 3

167 960 294 1034 Excepto
307 959 383 1034 quod
396 977 454 1015 non
465 958 547 1016 simul
560 957 637 1028 effes,
650 967 752 1015 caetera
765 957 855 1016 laetus.
902 1038 904 1048 Ι

392 1301 655 1359 EPISTOLA
694 1303 746 1360 XI.

443 1487 484 1526 AD
499 1487 694 1525 BULLATIUM.

171 1667 261 1724 Qum
276 1665 328 1722 tibi
340 1667 398 1723 visa
412 1667 509 1736 Chios,
524 1667 638 1737 Bullati,
653 1675 776 1740 notaque
790 1665 915 1722 Lesbos?

171 1769 252 1826 Quid
265 1768 403 1826 concinna
417 1771 530 1826 Sarnos?
552 1769 621 1844 quid
634 1769 723 1827 Croesr
736 1767 813 1844 regia
827 1768 935 1826 Sardis?

170 1873 289 1948 Smyrna
302 1871 380 1946 quid,
402 1880 431 1928 et
445 1871 614 1947 Colophon?
635 1871 749 1948 majora,
763 1871 912 1929 minorane
927 1871 969 1928 fa·
1102 1819 1103 1906 l

249 1973 315 2030 mi?

171 2077 319 2135 Cunbtane
330 2096 388 2152 prae
396 2078 508 2154 Campo
521 2086 549 2135 et
559 2077 696 2135 Tiberino
709 2076 828 2134 flumine
839 2077 969 2134 sordent?

171 2182 221 2238 An
233 2180 312 2238 venit
324 2180 354 2237 in
367 2191 468 2238 votum
477 2180 612 2238 Attalicis
624 2200 662 2252 ex
671 2179 788 2238 urbibus
801 2199 858 2236 una
869 2182 878 2235 ?

171 2285 221 2340 An
234 2284 382 2340 lebedum
393 2283 499 2351 laudas,
513 2283 579 2340 odio
592 2283 677 2340 maris
690 2293 776 2357 atque
788 2282 919 2340 viarum?

172 2385 238 2456 Scis,
251 2386 379 2444 Lebedus
392 2385 461 2461 quid
475 2386 522 2455 fit;
544 2384 642 2442 Gabiis
655 2384 789 2442 desertior
802 2393 888 2461 atque

171 2487 284 2554 Fidenis
295 2486 388 2546 vicus:
411 2497 508 2546 tamen
520 2487 579 2544 illic
591 2487 684 2544 vivere
695 2487 807 2557 vellem,

173 2577 345 2664 Oblitusque
355 2608 493 2659 meorum,
505 2589 709 2648 obliviscendus
721 2600 750 2647 et
761 2590 825 2660 illis,

173 2695 345 2769 Neptunum
357 2691 456 2766 procul
468 2711 484 2748 e
498 2693 570 2749 terri
583 2692 705 2767 spebiare
717 2692 870 2750 furentem.

175 2797 229 2860 sea
243 2813 335 2870 neque
345 2792 395 2869 qui
409 2793 508 2869 Capul
520 2795 643 2852 Romam
655 2794 736 2870 petit,
753 2794 845 2853 imbre
856 2796 974 2873 lutoque

173 2896 320 2974 Asperius,
332 2895 408 2954 volet
419 2895 451 2953 in
463 2896 591 2971 caupona
604 2895 712 2968 vivere5
734 2915 787 2954 nec
800 2898 851 2973 qui

175 3002 275 3078 Frigus
287 2999 412 3077 collegit,
431 2999 529 3056 furnos
541 3009 571 3056 et
583 3000 683 3058 balnea
697 3000 803 3072 laudat,

175 3106 219 3164 Ut
232 3104 406 3162 fortunatam
418 3103 501 3178 plene
514 3103 672 3180 praestantia
684 3103 788 3165 vitam:
