2238 3686
203 226 246 300 96
365 209 369 220 '
421 223 789 311 avrsvouanum

444 519 687 578 EPISTOLA
715 519 766 577 IV.

410 695 451 732 AD
474 695 597 734 ALBIUM
617 695 794 734 TIBULLUM.

203 856 297 926 Arm,
311 856 467 914 nostrorum
480 856 642 914 sermonum
655 858 774 915 candide
783 855 882 932 judex,

203 957 285 1014 Quid
299 977 375 1014 nunc
388 968 417 1015 te
430 959 523 1016 dicam
537 959 630 1016 facere
643 959 673 1016 in
687 960 801 1036 regione
815 958 947 1016 Pedana?

203 1061 328 1118 Scribere
341 1062 417 1136 qnod
430 1061 510 1118 Cassi
523 1063 676 1128 Parmensis
687 1061 821 1137 opuscula
834 1061 950 1118 vincat?

117 1183 123 1194 ’
203 1167 252 1220 An
265 1163 385 1220 tacitum
396 1164 474 1220 srlvaa
487 1163 562 1220 inter
574 1173 685 1240 reptare
698 1163 829 1234 salubres,

111 1265 114 1272 ⁴
201 1270 358 1326 Curantem
376 1266 512 1342 quicquid
525 1267 646 1344 dignum
658 1266 784 1342 sapiente
796 1269 928 1342 bonoque
941 1267 994 1323 esi?

200 1371 270 1428 Non
285 1380 318 1427 tu
331 1389 431 1445 corpus
442 1387 502 1427 eras
515 1371 572 1426 fine
582 1369 708 1444 pedore,
730 1370 760 1426 dt
774 1369 826 1426 tibi
839 1369 971 1438 sormam,

200 1475 240 1532 Dr
254 1472 307 1530 tibi
320 1472 432 1530 divitias
445 1473 592 1540 dedemnt,
607 1480 753 1546 artemque
766 1471 888 1528 fruendi.

200 1575 282 1632 Quid
294 1583 395 1631 voveat
408 1573 485 1630 dulci
498 1573 639 1630 nutricula
651 1572 741 1649 majus
754 1574 879 1644 aloriano,

200 1677 262 1734 Oui
275 1676 380 1752 sapere,
394 1685 424 1732 et
437 1675 490 1733 sari
503 1676 585 1751 possrt
599 1695 662 1751 quae
675 1675 786 1745 sentiat,
800 1686 831 1733 ct
843 1675 890 1732 cui

197 1779 306 1849 Gratia,
320 1779 406 1848 fama,
419 1778 552 1836 valetudo
563 1778 711 1855 contingat
724 1779 845 1850 abunde,

199 1883 236 1939 Et
250 1883 359 1949 domus,
374 1889 404 1936 et
415 1879 514 1948 victus,
529 1899 585 1937 non
600 1881 751 1938 deficiente
763 1882 914 1940 crumena?

199 1985 278 2042 Inter
289 1982 367 2058 spem
380 2001 542 2058 curamque,
556 1982 670 2040 timores
683 1983 759 2042 inter
770 1994 800 2041 et
813 1983 877 2055 iras,

196 2087 324 2144 Omnem
336 2086 419 2142 crede
433 2084 510 2142 diem
528 2085 581 2142 tibi
594 2084 724 2143 diluxisse
736 2085 912 2162 supremum:

194 2190 285 2246 Grata
299 2186 484 2263 superveniet,
498 2206 562 2262 quae
574 2188 812 2264 nonsperabitur,
828 2191 906 2250 hora.

197 2293 250 2350 Me
262 2291 408 2367 pinguem,
422 2299 452 2346 et
465 2288 589 2346 nitidum
603 2292 675 2348 bene
687 2292 785 2350 curata
795 2302 870 2364 cute,
884 2295 964 2368 vises,

192 2394 274 2452 Cum
287 2392 377 2450 ridere
391 2392 474 2462 voles,
488 2391 603 2466 Epicuri
616 2393 651 2450 de
664 2413 751 2471 grege
763 2413 889 2470 porcum.

426 2694 688 2754 EPISTOLA
727 2697 763 2755 V.

456 2870 498 2907 AD
519 2871 725 2910 ToauunvoM.

193 3020 227 3074 Sr
241 3026 320 3092 potes
331 3016 477 3076 Archiacis
490 3021 608 3079 conviva
621 3022 784 3080 recumbere
796 3019 882 3094 leuis,

193 3119 261 3174 Nec
274 3118 385 3176 modica
399 3139 508 3180 coenare
521 3124 603 3184 times
617 3124 678 3182 olus
693 3144 778 3184 omne
789 3126 893 3201 patella
898 3151 908 3197 5
