2242 3680
378 269 382 274 “
419 269 468 337 t'r
478 279 510 337 Β.
540 267 578 338 lt.
618 273 656 338 tv.

107 399 145 456 Et
157 399 279 458 decedet
292 403 361 460 odor
374 405 465 462 nervis
478 406 625 478 inimicum
648 417 677 464 at
690 405 738 464 illa

108 503 261 580 Integrum
275 507 398 581 perdunt
410 507 469 566 lino
479 509 580 566 ¹vitiata
594 509 728 585 saporem.

106 606 274 664 Surrentina
287 609 365 666 vafer
378 611 429 686 qui
444 611 543 668 miscet
555 613 625 669 faece
638 613 660 668 F
661 613 754 668 alernd

107 707 199 779 Vina‚·
209 710 374 768 columbino
387 713 490 770 limum
503 715 575 770 bene
588 713 696 790 colligit
710 733 779 784 ov05

108 811 262 868 Quatenus
275 813 333 870 ima
345 813 418 890 petit
429 816 542 872 volvens
556 815 646 873 aliena
659 816 780 872 vitellus.

105 913 197 970 Toslis
210 925 386 974 marcentem
400 917 506 992 squillis
517 917 652 976 recreabis
665 929 694 974 et
706 917 780 974 Afrsr

105 1016 240 1074 Potorem
253 1019 385 1090 cochlel;
409 1039 476 1076 nam
489 1021 597 1078 lactuca
607 1021 719 1078 innatat
733 1019 789 1078 acri

106 1119 169 1175 Post
182 1119 283 1177 vinum
296 1121 452 1180 stomacho:
474 1123 561 1198 pernd
579 1123 669 1199 magis
684 1143 716 1180 ac
729 1123 819 1199 magis
831 1123 905 1180 hillis

104 1221 230 1298 Flagitat
242 1222 273 1280 in
286 1224 392 1281 morsus
405 1224 497 1295 refici5
520 1225 588 1300 quin
601 1225 698 1282 omnia
711 1226 827 1296 mavolt,

106 1325 297 1400 Quaecunque
310 1325 464 1385 immundis
475 1327 586 1384 fervent
600 1328 682 1386 allata
694 1327 814 1403 popinis„

103 1427 152 1484 Est
165 1437 257 1503 operae
270 1429 393 1504 pretium
406 1429 526 1506 duplicis
538 1430 700 1506 pernoscere
710 1427 782 1504 juris

105 1531 264 1588 Naturam:
287 1533 405 1608 simplex
419 1532 522 1590 edulei
533 1532 640 1590 constat
650 1530 734 1602 olivo,
808 1553 810 1557 ’

106 1634 196 1691 Quod
209 1633 310 1711 pingui
322 1633 438 1692 miscere
451 1653 528 1694 mero
539 1633 687 1708 murisque
700 1634 820 1703 decebit,

105 1737 176 1794 Non
191 1736 246 1794 alia
260 1755 345 1813 quam
357 1739 413 1814 qud
424 1737 561 1815 Byzantia
574 1737 671 1815 putuit
684 1757 757 1795 orca.

103 1839 170 1896 Hoc
183 1839 233 1896 ubi
247 1840 397 1898 confusum
411 1840 490 1900 sestis
503 1840 639 1898 inferbuit
652 1841 754 1910 herbis,

103 1942 282 2018 Corycioque
294 1957 377 2000 croco
390 1942 515 2018 sparsum
528 1943 612 2014 stetit,
626 1943 740 2018 insuper
752 1943 837 2000 addes

104 2043 194 2102 Pressa
210 2045 379 2102 Venafranae
390 2047 466 2121 quod
480 2048 564 2103 bacca
575 2045 681 2103 remisrt
694 2045 784 2122 olivae.

102 2147 212 2204 Picenis
225 2149 330 2204 cedunt
342 2149 432 2224 pomis
446 2147 576 2205 Tiburtia
589 2148 683 2216 succ03

102 2251 184 2307 Nam
197 2250 270 2307 facie
282 2252 421 2326 praestant.
460 2251 609 2307 ‘Venucula
620 2250 753 2307 convenit
766 2223 837 2319 ollis,

103 2352 220 2410 Bestius
233 2353 377 2410 Albanam
389 2353 470 2410 fumo
483 2352 625 2410 duraveris
637 2373 730 2410 uvam.

101 2457 187 2514 Hanc
200 2471 254 2533 ego
264 2475 330 2513 cum
341 2457 432 2526 malis,
445 2476 499 2532 ego
513 2457 612 2513 faecem
625 2455 741 2531 primus,
756 2465 789 2513 et
798 2457 876 2526 allec,

101 2559 212 2618 Primus
222 2570 252 2617 et
264 2559 394 2617 invenior
406 2559 486 2635 piper
499 2559 603 2629 album,
617 2577 682 2616 cum
697 2559 752 2616 sale
765 2559 847 2636 nigro

101 2664 258 2731 Incretum‚
273 2649 349 2736 puris
362 2661 587 2737 circumposuisse
599 2639 710 2718 catillis.
749 2708 750 2712 ,

100 2765 233 2821 Immane
246 2764 286 2821 est
299 2763 410 2832 vitium,
425 2765 492 2820 dare
505 2763 594 2820 millia
608 2773 687 2820 terna
700 2765 829 2833 macello,

97 2867 287 2943 Angustaque
301 2885 386 2942 vagos
400 2865 488 2942 pisces
498 2883 619 2940 urguere
632 2865 735 2922 catino.

98 2971 211 3046 Magna
224 2977 319 3026 movet
332 2969 473 3026 stomacho
487 2969 604 3039 fastidia,
619 2969 667 3026 seu
679 2987 749 3044 puer
760 2968 852 3025 untlis'

96 3071 246 3130 Tradavit
259 3071 376 3129 calicem
389 3071 527 3141 manibus,
543 3072 612 3128 dum
625 3071 700 3127 furta
716 3069 841 3146 ligurrit'3
886 3093 887 3106 ¹

96 3159 165 3232 Sive
175 3174 271 3250 gravis
284 3174 371 3233 veteri
386 3185 499 3232 craterae
513 3173 596 3230 limus
611 3172 733 3230 adhaesit.
