2238 3686
372 225 374 230 “
413 237 456 285 ru
482 237 716 286 Honnrruru.

198 350 251 394 Ver.
268 360 323 410 215.
357 350 435 397 ‘Huic
448 353 676 400 vestem.'-Scabiem
687 353 783 400 odiosam
796 353 896 400 dictionis
907 369 960 416 pur·
1015 349 1018 356 ’

165 438 225 496 gavi,
244 435 310 502 sacili,
327 449 357 497 et,
374 434 400 486 ni
410 438 482 500 failor,
498 440 556 488 felici
570 443 709 488 correctione.
743 443 819 488 Sciscat
830 443 962 505 lectorisju-

168 526 262 572 dicium.

199 617 252 672 Ver.
268 630 323 677 234.
342 635 363 680 p.
375 617 414 664 61.
450 621 506 666 ‘Tu
518 616 737 677 nive.'-Felicitir‚
754 615 803 666 mei
815 617 903 682 quidem
914 621 964 666 sen-

165 702 245 772 tentis,
264 707 410 752 Marklandus
420 708 446 753 ad
458 709 561 765 Statium,
578 725 599 770 p.
610 707 665 766 248.

198 795 252 841 Ver.
274 808 331 854 252.
373 796 467 842 Horatio
489 797 584 854 subveni,
601 793 719 858 srusquim
740 793 793 842 aliis
810 813 847 858 per
862 797 961 842 librario·

165 898 220 952 rum
232 883 398 930 somnolentiam
409 885 522 942 laboranti,
539 886 641 947 proclivis
651 887 806 932 emendationis
817 901 866 947 ope.
894 890 901 914 ‘
911 887 961 932 Du·

166 973 226 1017 cere'
238 973 269 1018 est
286 973 392 1033 ‘fingere,
409 971 510 1033 formare,
530 975 623 1020 efficere'
642 975 699 1036 apud
716 990 791 1020 omnes
807 974 963 1036 probatissimos

167 1041 274 1108 auctores.

166 1213 171 1219 Ι
198 1152 230 1197 V·
252 1163 289 1212 ις.
311 1167 332 1212 p.
344 1149 381 1210 69.
422 1155 430 1181 ⁴
447 1151 501 1221 Qi,
518 1151 718 1212 quamvis.'—Vox
736 1151 869 1212 importuna,
890 1161 911 1196 et
929 1152 956 1196 ad

167 1233 210 1302 soci
227 1239 315 1301 scopum
332 1240 387 1285 nihil
398 1237 484 1297 faciens,
501 1240 566 1296 cessit,
576 1255 618 1308 me
627 1239 724 1301 jubente,
741 1239 871 1304 conjesturae
884 1240 960 1302 verisi-

166 1309 278 1386 iniliimae,
287 1345 324 1390 per
335 1329 400 1374 unius
411 1327 498 1374 tantum
509 1321 602 1374 literulae
613 1328 765 1374 mutationem.
788 1329 822 1374 Sic
832 1329 855 1374 in
865 1343 909 1374 ver.
922 1342 960 1387 74.

262 1473 428 1488 .......
440 1441 515 1487 scribet
525 1441 584 1486 mala
594 1440 691 1486 carmina
702 1444 788 1486 ‘vecors
795 1441 815 1486 i'

133 1621 136 1624 Ι
167 1568 170 1572 ’
201 1555 245 1600 VI.
265 1567 317 1612 107.
336 1571 357 1616 p.
365 1567 403 1612 77.
437 1555 511 1621 Qam
522 1553 569 1598 dedi
580 1553 778 1613 interpunctionem
789 1554 881 1614 postulat
891 1565 959 1616 poeta:

169 1657 239 1688 mens.
270 1643 331 1689 Ordo
349 1643 392 1688 est:
411 1642 520 1704 “Hospes
540 1640 636 1698 cursitat,
655 1642 724 1687 veluti
735 1641 880 1700 succindtus,’'
898 1645 960 1690 ‘mi-

168 1730 244 1786 nister'
255 1728 341 1776 scilicit.

197 1821 253 1866 vr1.
271 1833 310 1880 73.
330 1836 351 1882 p.
363 1819 394 1866 80
421 1816 497 1880 Ejetee
507 1835 560 1866 voce
571 1824 579 1850 ‘
590 1819 686 1881 sapiens,'
697 1834 746 1880 quae
757 1797 792 1865 bic
804 1836 848 1866 non
860 1821 959 1888 quadrat,
1044 1801 1045 1808 i

166 1912 174 1938 ‘
184 1909 276 1970 patiens’
285 1909 350 1954 intuli
361 1924 388 1954 ex
399 1905 457 1966 veri,
467 1919 493 1955 ut
503 1924 540 1954 me
553 1905 643 1954 libentdr
654 1907 777 1968 persuasum
789 1907 864 1966 habeo,
874 1909 959 1970 conjec-

164 1994 224 2043 tnrd.
267 1998 392 2044 ‘Praetereo
408 1997 501 2059 patiens’
520 1993 627 2056 eleganth
644 1996 730 2055 dictum
751 1997 789 2056 est,
814 2008 836 2045 et
853 1999 959 2046 Venusini

165 2087 232 2132 nostri
243 2101 312 2143 more,
328 2102 368 2148 pro
385 2085 473 2148 ‘patior
481 2085 612 2147 praeterire?
630 2085 647 2130 i.
660 2101 679 2130 e.
692 2085 716 2130 in
731 2094 819 2130 tantum
835 2087 892 2132 mihi
908 2088 958 2134 sum

164 2174 301 2236 imperiosus,
318 2185 343 2220 ut
353 2174 461 2236 praeterire
471 2173 554 2235 possim.
587 2171 693 2219 Simiirtir
703 2173 765 2235 epist,
778 2173 793 2219 i.
813 2187 849 2234 17.
865 2189 902 2236 13.

263 2289 285 2335 Si
296 2289 408 2356 pranderet
418 2287 465 2332 olus
478 2283 615 2348 ‘patientem'
633 2285 716 2345 regibus
728 2286 761 2331 uti

261 2379 338 2424 Nosset
349 2377 484 2438 Aristippus.

165 2492 211 2538 Has
221 2505 283 2536 voces
293 2491 343 2536 alibi
355 2488 475 2553 permutari
491 2487 547 2550 apud
563 2488 663 2534 nostrum
673 2487 765 2534 ostendit
775 2490 922 2538 Marklandus
933 2493 957 2540 io

164 2576 253 2641 epistolii
263 2576 346 2625 critici.

197 2670 252 2715 Ven‘
262 2667 300 2714 86.
333 2669 368 2714 ‘F
369 2668 430 2725 ortis,
447 2667 577 2713 etl-Hanc
587 2665 747 2712 disiinc‘iionem
762 2666 847 2713 seorsim
858 2661 957 2732 perspex.

164 2773 237 2813 eram3
255 2772 323 2819 neque
333 2754 396 2803 aliter
405 2755 524 2814 Ausonius,
535 2755 603 2816 Idyll.
615 2754 659 2800 xvi.
673 2767 694 2816 5.
705 2770 770 2816 quem
779 2758 879 2820 pracepit
888 2759 956 2807 etiam

167 2846 286 2904 Bentleius·
956 2851 958 2854 ·

196 2936 264 2982 Vlis.
278 2949 314 2996 54.
331 2952 352 2997 p.
361 2935 399 2993 84.
421 2933 552 2994 Ampiedtor
562 2931 663 2978 Lambini
674 2932 798 2991 lectionem,
808 2950 876 2996 quam
887 2936 954 2998 respi-

165 3040 212 3071 cere
222 3025 308 3071 ridetur
319 3035 380 3071 vetus
391 3021 515 3068 scholiastes.
