2242 3680
170 199 198 256 ‘8
420 196 730 266 SERMONUM,

180 322 246 378 Oua
260 340 311 390 res,
324 341 380 396 qua
394 323 465 380 ratio
477 323 614 393 suaderet,
628 341 740 398 quaque
752 319 876 379 modeste

178 422 319 480 Munifico
333 424 387 480 effe
401 425 475 495 licet,
496 426 580 483 vellet
593 427 683 482 bonus
693 434 778 500 atque
791 422 933 499 benignus

177 524 255 594 Esse5
277 526 356 582 daret
368 537 507 602 quantum
520 526 584 584 satis
598 527 674 598 esset,
694 547 746 584 nec
760 527 811 584 sibi
824 527 930 583 damno

178 627 373 702 Dedecorique
387 629 474 686 soret:
496 649 595 688 verum
607 630 661 688 hoc
673 630 701 687 se
715 629 894 705 amplectitur
903 646 981 685 uno:

178 729 244 786 Hoc
255 739 340 800 amat,
354 730 408 788 hoe
421 731 518 789 laudat
524 757 532 802 5
555 733 720 790 Matronam
730 733 839 789 nullam
849 749 903 808 ego
916 741 980 788 tan-

256 851 310 908 g⁰²
897 901 899 910 ,

180 936 222 992 Ut
236 937 380 1010 quondam
394 937 540 1006 Marsaeus,
554 945 662 995 amator
675 937 810 1013 Originis
831 936 879 993 ille

181 1035 242 1093 oui
254 1037 378 1112 patrium
392 1038 496 1096 mimae
509 1039 595 1096 donat
608 1039 788 1114 fundumque
800 1039 962 1113 laremque,

179 1139 231 1196 Nil
242 1138 328 1196 suerit
338 1142 387 1211 mi,
398 1139 500 1215 inquit,
512 1161 579 1198 curn
589 1141 723 1198 uxoribus
734 1159 861 1216 unquam
872 1140 980 1198 alienis.

179 1243 290 1298 Verum
303 1243 342 1298 est
354 1261 420 1299 cnm
434 1242 528 1300 mimis
534 1268 542 1312 3
558 1243 597 1300 est
609 1261 676 1300 cum
688 1241 890 1310 meretricibus,
903 1243 985 1298 unde

180 1344 266 1401 Fama
286 1345 394 1402 malum
413 1345 534 1422 gravius,
554 1363 641 1420 quam
658 1363 701 1401 res
721 1343 817 1401 trahit.
856 1345 905 1400 An
928 1343 983 1401 tibi

257 1449 372 1504 abunde

180 1549 330 1607 Personam
342 1533 407 1608 satis
420 1551 467 1620 est,
488 1569 546 1606 non
558 1549 630 1606 illud
642 1547 778 1624 quicquid
795 1547 902 1622 ubique

181 1651 290 1722 Officit‚
311 1652 433 1710 evitare?
454 1654 564 1710 Bonam
577 1652 728 1727 deperdere
738 1651 855 1720 sarnam,

181 1756 253 1811 Rern
266 1754 355 1830 patris
367 1754 511 1824 oblimare,
532 1754 641 1812 malum
653 1754 692 1810 est
703 1753 875 1828 ubicunque.
897 1753 981 1810 Quid

258 1856 346 1913 inter-

180 1959 228 2015 Est
239 1957 271 2014 in
284 1958 421 2027 matrona,
442 1957 552 2027 ancilla,
571 1975 706 2032 peccesne
719 1958 831 2034 togata?

180 2060 284 2117 Villius
297 2061 328 2116 in
342 2060 440 2118 Fausta
453 2060 537 2117 Sullae
550 2078 646 2135 gener,
667 2058 721 2116 hoc
733 2058 818 2116 miser
831 2077 900 2116 uno·

181 2163 308 2219 Nomine
321 2164 463 2238 deceptus,
483 2181 580 2237 poenas
592 2161 671 2218 dedit
683 2149 771 2236 usque
784 2143 930 2238 superduc,

183 2267 281 2323 Quam
294 2266 359 2323 satis
371 2266 425 2335 est,
447 2263 550 2342 pugnis
563 2264 657 2333 caesus,
678 2264 807 2338 ferroque
819 2263 941 2340 petitum

181 2369 318 2426 Exclusus
332 2369 401 2439 fore,
415 2387 481 2424 curn
495 2369 678 2442 Longarenus
690 2366 764 2423 foret
775 2365 862 2422 intus.

181 2469 260 2528 Huic
273 2470 293 2527 fi
307 2471 433 2527 mutonis
445 2468 537 2528 verbis
549 2469 624 2525 mala
638 2475 717 2524 tanta
730 2467 851 2524 videntis

181 2573 296 2631 Diceret
309 2573 370 2628 haec
389 2572 500 2629 animus
505 2596 514 2642 ς
537 2570 617 2628 Oarid
629 2569 671 2627 vis
682 2569 751 2626 tibi?
773 2570 913 2646 numquid
925 2589 984 2647 ego

259 2685 317 2731 ate

182 2779 292 2853 Magno
304 2786 476 2852 prognatum
489 2775 606 2850 deposco
619 2775 732 2832 consule
744 2793 881 2845 cunnum,

181 2879 372 2954 Velatumque
386 2878 461 2948 stola,
482 2896 546 2934 mea
559 2897 625 2934 cum
638 2876 798 2934 conferbuit
810 2876 868 2934 ira?

183 2981 263 3039 Ouid
276 2982 468 3058 responderet?
494 2981 604 3056 Magno
616 2987 695 3054 patre
707 2987 773 3036 nata
785 2978 879 3054 puella
891 2980 942 3037 est.

181 3085 224 3142 At
236 3093 342 3158 quanto
355 3083 472 3142 meliora
485 3091 591 3153 monet,
611 3081 824 3160 pugnantiaque
836 3080 905 3152 istis,
