2238 3686
200 265 255 328 162
372 267 430 331 DE
454 269 577 334 ARTE
603 265 818 334 ΡΟΕΊἸΟΑ.ι

198 397 389 470 Democritus,
403 403 476 459 bona
489 421 551 479 pars
564 421 621 460 non
634 421 744 479 ungues
756 415 862 476 ponere
874 403 962 464 curat,
989 392 993 398 ¹

200 501 271 558 Non
284 503 415 573 barbam
438 504 542 562 secreta
556 505 628 580 petit
641 505 711 574 loca,
724 503 824 560 balnea
834 499 916 556 vitat.

200 603 390 662 Nanciscetur
402 606 479 664 enirn
491 608 615 686 pretium
626 625 788 681 nomenque
800 605 901 680 podtae,

201 705 231 762 Si
243 705 332 763 tribus
345 708 491 784 Anticyris
504 719 589 785 caput
601 707 755 766 insanabile
769 723 916 780 nunquam

201 809 323 866 Tonsori
336 809 436 868 Licino
449 799 629 870 commiserit.
670 811 698 869 O
711 829 765 887 ego
777 809 873 878 laevus,

203 910 265 967 Qui
278 930 384 988 purgor
396 913 484 970 bilem
497 915 548 971 sub
561 913 640 970 verni
652 912 785 988 temporis
798 909 911 968 horam!

202 1013 272 1069 Non
286 1013 356 1070 alius
369 1014 474 1072 faceret
486 1015 602 1073 meliora
615 1015 753 1091 poemata.
785 1015 895 1070 Verum

202 1115 255 1171 Nil
270 1115 342 1172 tanti
356 1117 408 1173 est:
431 1137 498 1194 ergo
511 1120 616 1194 fungar
628 1119 689 1175 vice
702 1117 781 1185 cotis,
795 1125 912 1173 acutum

203 1219 332 1276 Reddere
344 1237 408 1295 quae
419 1219 525 1278 sermm
537 1223 621 1292 valet,
635 1221 727 1278 exsors
740 1221 799 1296 ipsa
812 1219 940 1277 secandi:

204 1321 313 1378 Munus
327 1333 356 1380 et
369 1323 507 1394 officium,
523 1323 564 1380 nil
577 1323 699 1382 scribens
712 1321 780 1398 ipse,
791 1324 912 1390 docebo;

203 1425 290 1482 Unde
301 1419 436 1501 parentur
445 1445 525 1502 opes;
548 1427 616 1502 quid
630 1427 687 1484 alat
699 1427 859 1502 formetque
872 1425 1002 1501 postam

205 1526 286 1584 Quid
298 1528 404 1600 deceat,
417 1529 486 1604 quid
498 1527 570 1600 non,
592 1549 649 1605 quo
662 1529 759 1599 virtus,
768 1547 825 1604 quo
835 1529 909 1585 serat
917 1545 1003 1584 onor.

204 1629 349 1688 Scribendi
362 1633 436 1690 redte
449 1632 543 1708 sapere
556 1633 636 1690 estet
648 1631 827 1708 principium,
841 1639 870 1688 et
883 1630 960 1686 fons:

205 1733 278 1790 Rern
291 1731 343 1790 tibi
356 1733 503 1791 Socraticae
516 1741 649 1810 poterunt
661 1733 804 1790 ostendere
817 1732 935 1800 chartae3

203 1837 355 1912 Verbaque
368 1837 507 1913 provisam
517 1857 578 1895 rem
592 1857 649 1896 non
662 1837 751 1894 invita
764 1837 923 1912 sequentur.

206 1938 267 1996 Qui
280 1939 379 1997 didicit
392 1941 491 2017 patriae
504 1941 573 2017 quid
583 1943 694 2012 debeat,
707 1951 735 1998 et
749 1941 818 2017 quid
830 1940 941 2011 amicis5

205 2043 274 2100 Quo
288 2043 322 2099 fit
334 2063 430 2101 amore
442 2063 551 2120 parens,
565 2063 622 2119 quo
636 2043 723 2100 frater
735 2039 881 2115 amandus,
896 2053 924 2100 et
938 2040 1003 2100 hos-

282 2165 344 2222 pes;

206 2249 294 2306 Quod
308 2250 342 2306 fit
355 2249 514 2327 conscripti,
528 2252 604 2326 quod
611 2249 714 2326 judicis
727 2250 871 2320 officium3
894 2268 958 2324 quae

205 2351 299 2408 Partes
312 2351 343 2408 in
355 2353 463 2410 bellum
474 2352 547 2410 missr
561 2353 653 2423 ducis3
676 2353 724 2410 ille
738 2353 865 2428 profesto

205 2453 332 2510 Reddere
345 2455 469 2530 personae
481 2455 534 2512 scit
546 2454 742 2512 convenientia
755 2454 866 2530 cuique.

205 2555 354 2632 Respicere
366 2557 510 2634 exemplar
521 2557 588 2615 vitae
601 2576 769 2633 morumque
778 2556 886 2634 jubebo

205 2646 331 2716 nosram
343 2657 526 2730 imitatorem,
539 2669 568 2718 et
580 2659 656 2717 vivas
669 2659 736 2717 hinc
747 2662 849 2718 ducere
861 2679 953 2719 voces.

205 2762 355 2819 Interdum
368 2760 489 2836 speciosa
502 2763 579 2832 locis,
591 2773 755 2838 morataque
768 2763 851 2832 redte,

205 2865 321 2933 Fabula,
334 2863 438 2922 nullius
449 2866 566 2935 veneris,
581 2866 638 2922 fine
651 2866 775 2941 pondere
786 2875 816 2922 et
828 2874 897 2934 arte,

204 2966 324 3024 Valdius
336 2967 458 3024 oblostat
469 2968 607 3043 populum
620 2966 776 3043 meliusque
789 2978 926 3038 moratur,
939 2983 941 2987 ·

206 3068 305 3124 Quam
317 3068 410 3125 versus
423 3067 519 3144 inopes
531 3087 635 3139 rerurn,
649 3089 789 3146 nugaeque
801 3089 920 3128 canorae.
995 3117 997 3122 .

204 3167 296 3226 Graiis
307 3168 466 3247 ingenium,
480 3170 573 3228 Graiis
586 3170 664 3229 dedit
676 3191 724 3230 ore
736 3173 859 3230 rotundo
