2238 3686
434 235 528 292 LIB.
558 235 597 294 11.
637 233 657 292 i.

141 357 196 414 Iste
209 357 328 433 quidem
337 367 444 418 veteres
456 361 530 419 inter
542 369 663 437 ponetur
675 359 797 428 honeste,

142 461 206 518 Qui
218 461 264 518 vel
276 462 372 520 mense
383 464 469 535 brevi,
482 465 527 521 vel
542 473 601 522 toto
615 463 654 520 cst
663 461 759 538 junior
772 479 855 527 anuo.

140 565 217 622 Utor
229 564 373 640 permisso,
395 567 548 642 caudaeque
560 567 632 643 pilos
644 575 677 624 ut
690 564 809 640 equinae,

141 667 283 724 Paulatim
293 668 375 739 vello,
389 679 418 725 et
427 671 509 727 demo
517 687 616 740 unum,
627 669 709 728 demo
718 677 746 726 et
754 667 825 727 item
832 685 922 724 unum
928 689 937 736 5

142 771 222 827 Dum
235 771 318 827 cadat
330 771 422 828 elusus
435 773 543 830 ratione
556 772 662 830 ruentis
675 769 775 838 acervi,

143 873 206 930 Qui
219 873 292 930 redit
302 873 332 930 in
346 875 436 943 fastos,
450 884 479 932 et
491 875 627 932 virtutem
640 875 758 932 aestimat
772 872 860 942 annis,

142 975 323 1050 Miraturque
335 976 415 1047 nihil,
432 977 484 1034 nisr
497 979 573 1052 quod
587 976 712 1035 Libitina
725 974 850 1032 sacravit.

142 1078 261 1148 Ennius,
274 1087 303 1134 et
317 1078 435 1154 sapiens,
448 1088 478 1136 et
491 1079 579 1150 fortia,
593 1089 622 1136 et
635 1079 704 1136 alter
716 1079 867 1148 Homerus,

142 1182 187 1238 Ut
199 1180 290 1237 critici
303 1180 411 1251 dicunt,
426 1181 525 1239 leviter
535 1201 631 1238 curare
644 1181 755 1238 videtur

144 1284 213 1340 Ouo
224 1281 356 1358 promiffa
369 1283 482 1354 cadant,
495 1294 524 1340 et
538 1283 645 1342 somnia
658 1283 842 1359 Pythagorea,

143 1387 261 1448 Naevius
274 1387 304 1444 in
318 1387 447 1458 manibus
459 1406 516 1445 non
529 1387 577 1457 est,
591 1397 620 1444 et
633 1386 775 1444 mentibus
789 1386 877 1443 haeret

143 1491 218 1548 Pene
231 1493 344 1548 recens?
367 1491 437 1548 adeo
451 1490 578 1547 sanctum
590 1489 630 1546 est
640 1499 719 1546 vetus
732 1507 817 1546 omne
829 1489 938 1564 po'e'ma.

144 1592 312 1668 Ambigitur
324 1592 442 1668 quotieq
457 1602 520 1650 uter
532 1602 597 1648 utro
610 1593 644 1649 fit
656 1591 747 1666 prior5
771 1591 863 1648 aufert

145 1697 280 1753 Pacuvius
292 1695 367 1752 dotti
381 1695 488 1752 famam
501 1693 581 1764 senis,
596 1695 700 1752 Accius
712 1693 774 1751 alti:

144 1797 257 1858 Dicitur
270 1798 373 1854 Afrani
389 1806 455 1874 toga
469 1797 625 1854 convenisse
639 1798 815 1867 Menandro;

146 1900 260 1958 Plautus
273 1902 308 1958 ad
322 1900 466 1976 exemplar
479 1900 566 1959 Siculi
583 1917 730 1975 properare
744 1899 919 1975 Epicharmi,
967 1913 972 1920 ·

146 2003 268 2060 Vincere
282 2003 412 2060 Caecilius
426 2003 571 2080 gravitate,
584 2003 733 2060 Terentius
747 2013 815 2058 arte.

145 2108 207 2164 Hos
220 2106 328 2177 ediscit,
341 2107 443 2178 ethos,
457 2097 533 2164 arcto
545 2105 643 2180 stipata
656 2105 776 2174 theatro,

146 2210 354 2286 SpectatRoma
362 2219 475 2285 potem,
491 2209 577 2266 habet
584 2208 644 2277 hos,
654 2216 839 2282 numeratque
847 2208 941 2284 poetas

145 2313 195 2369 Ad
208 2313 333 2370 nostrum
346 2322 466 2388 tempus,
481 2311 544 2368 Livi
557 2310 697 2385 scriptoris
709 2312 744 2367 ab
757 2330 825 2366 aevo.

143 2416 294 2474 Interdum
306 2396 408 2491 vulgus
421 2414 529 2471 sedtum
542 2413 620 2471 videt
626 2439 634 2484 5
656 2414 703 2484 est,
717 2412 767 2469 ubi
779 2423 891 2489 peccat:

147 2518 175 2576 si
189 2528 294 2574 veteres
307 2517 347 2574 ita
359 2517 478 2574 miratur
490 2517 642 2592 laudatque
655 2517 759 2592 poetae,

146 2621 190 2678 Ut
204 2621 276 2678 nihil
290 2620 437 2690 anteferat,
451 2619 523 2676 nihil
536 2618 591 2676 illis
602 2629 753 2693 comparet,
768 2627 855 2676 errat:

146 2723 175 2780 Si
187 2724 317 2798 quaedam
330 2721 414 2779 nimis
429 2721 553 2797 antique,
573 2721 593 2777 fi
606 2721 738 2796 pleraque
749 2721 826 2789 dure,

147 2829 249 2885 Dicere
262 2827 338 2884 cedit
351 2846 407 2897 eos,
420 2825 522 2902 ignave
536 2824 626 2881 multa
638 2824 743 2881 fatetur
748 2848 756 2894 3

147 2932 185 2988 Et
198 2929 279 3006 sapit,
293 2940 322 2987 et
333 2948 447 2986 mecum
461 2927 538 2997 facit,
553 2936 582 2984 et
595 2928 665 3003 Jove
673 2925 782 3004 judicat
795 2946 884 3001 aequo.

148 3035 217 3092 Non
230 3033 363 3108 equidem
376 3032 503 3101 insector,
519 3029 672 3087 delendave
685 3027 809 3086 carmina
824 3029 887 3087 Livt

147 3137 211 3195 Esse
223 3155 297 3207 reor,
318 3134 439 3198 memini
452 3153 515 3211 quae
527 3132 675 3210 plagosum
687 3130 759 3190 mihi
772 3149 857 3211 parvo
