2238 3686
383 245 474 303 ern.
500 244 539 302 11.
578 243 609 301 n.
845 246 901 313 149

98 367 250 444 Pauperies
257 367 404 429 immunda
412 371 509 448 procul
521 369 618 448 procul
628 369 712 428 absit:
727 385 790 446 ego,
801 375 901 430 utrum

97 469 185 528 Nave
197 471 272 528 ferar
284 473 388 549 magud
401 494 438 531 an
450 465 545 551 par'vd,
559 474 632 530 ferar
645 491 718 530 unus
731 483 760 529 et
773 471 859 532 idem.

98 571 170 629 Non
182 572 294 649 agimur
307 575 424 633 tumidis
436 576 514 646 velis,
529 575 661 651 aquilone
674 575 809 645 secund05

97 674 169 731 Non
181 685 277 733 tamen
291 676 411 734 adverfis
425 689 539 737 aetatem
553 677 683 735 ducimus
694 676 801 734 austris.

96 776 223 847 Viribus,
235 777 360 855 ingenio,
376 780 475 857 specie,
488 779 602 850 virtute,
616 779 688 851 loco,
703 798 741 849 re,

96 879 228 938 Extremi
241 882 407 957 primorum,
419 882 552 940 extremis
564 901 654 957 usque
666 881 779 958 priores.

96 983 168 1040 Non
180 1003 209 1040 es
220 1003 334 1042 avarus:
357 985 412 1043 abi.
454 983 551 1050 Quid?
573 992 672 1041 caetera
679 983 741 1060 jam
752 984 834 1042 srmul
844 985 896 1043 isto

95 1086 175 1144 Cum
187 1086 257 1145 vitio
270 1088 385 1164 sugere?
407 1098 484 1145 caret
496 1086 549 1144 tibi
561 1087 658 1162 pedus
670 1085 749 1144 inani

94 1187 281 1246 Ambitione?
303 1199 378 1247 caret
391 1189 489 1247 mortis
502 1187 664 1259 formidine,
678 1198 708 1246 et
720 1188 778 1246 iri?

96 1289 220 1361 Somnia,
234 1301 351 1349 terrores
364 1292 499 1369 magicos,
512 1291 659 1360 miracula,
673 1291 761 1368 sagas,

94 1392 258 1452 Nocturnus
271 1394 399 1465 lemures,
412 1402 600 1470 portentaque
611 1393 741 1452 Theffala
755 1393 847 1453 rides?

94 1495 213 1553 Natales
226 1505 305 1572 grate
318 1499 467 1554 numeras?
488 1494 609 1572 ignoscis
619 1495 736 1554 amicis.>

94 1597 199 1655 Lenior
208 1609 238 1657 ot
250 1598 350 1656 melior
360 1598 403 1670 fis,
418 1599 568 1656 accedente
581 1597 708 1656 senodid?

95 1699 176 1758 Quid
189 1709 218 1758 te
231 1711 344 1758 exemta
357 1701 431 1758 levat
444 1699 529 1776 spinis
542 1700 578 1757 de
590 1700 717 1776 pluribus
728 1705 802 1760 una?

92 1802 228 1861 Viverefi
241 1805 315 1861 redte
327 1802 426 1873 nescis,
440 1803 544 1860 decede
557 1801 663 1879 peritis,

92 1905 193 1962 Lusrsti
202 1905 276 1976 satis,
290 1904 372 1963 edisti
385 1904 459 1975 satis,
473 1913 558 1981 atque
569 1904 677 1976 bibisti;

89 2009 217 2084 Tempus
230 2007 307 2065 abire
320 2005 373 2064 tibi
385 2007 438 2077 est3
460 2015 609 2082 nepotum
621 2007 726 2084 largius
740 2029 822 2088 aequo

90 2109 201 2182 Rideat,
215 2118 244 2167 et
257 2108 349 2190 pulset
359 2107 460 2167 lasciva
474 2108 619 2167 decentius
631 2117 707 2179 aetas
