2242 3680
435 245 486 302 LI
497 245 529 304 B.
559 247 587 306 1.
627 245 664 304 vi.
905 251 945 315 27

142 371 221 428 Ante
231 369 398 445 potestatem
410 371 490 432 Tuln
504 382 589 449 atque
601 371 729 451 ignobile
741 383 872 450 reguum,

141 473 253 535 Multos
263 473 335 549 saepe
348 473 432 545 viros,
454 474 539 533 nullis
551 473 703 552 majoribus
717 485 802 546 ortos,

142 576 180 634 Et
192 574 291 634 vixiffe
303 577 415 653 probos,
432 577 532 654 amplis
545 586 575 636 et
588 577 742 637 honoribus
755 580 864 638 auctos:

142 681 260 751 Contra,
274 679 435 751 Lemnum,
447 681 545 740 Valeri
558 701 657 759 genus,
669 684 747 742 unde
760 684 901 760 Superbus

142 783 316 860 Tarquinius
328 801 417 861 regno
430 783 526 860 pulsus
538 785 625 862 fugit,
643 785 729 844 unius
742 785 804 844 assis

140 886 211 944 Non
225 905 355 964 unquam
367 886 460 963 pretio
471 887 558 962 pluris
571 885 687 958 licuisse,
701 896 819 946 notante
939 951 944 966 ⁸

140 987 251 1066 Judice,
266 1009 324 1066 quo
337 989 417 1056 nosti,
430 990 548 1066 populo;
571 989 621 1066 qni
635 989 733 1048 stultus
744 990 865 1048 honores

142 1094 222 1168 Saepe
234 1093 284 1150 dat
296 1092 432 1170 indignis,
445 1101 475 1150 et
488 1093 572 1152 samue
586 1093 671 1151 servit
683 1093 810 1170 ineptus,

141 1195 204 1252 Qui
217 1195 310 1270 stupet
323 1193 354 1252 in
368 1194 466 1266 titulis,
481 1204 511 1252 et
522 1195 706 1272 imaginibus·
736 1197 817 1258 Quid
830 1207 942 1275 oportet

139 1297 203 1354 Nos
215 1297 318 1368 facere,
332 1317 349 1354 a
360 1297 448 1375 vulgo
460 1298 545 1374 longe
558 1298 700 1374 longeque
713 1303 853 1358 remotos?

138 1400 171 1462 N
172 1417 276 1475 amque
289 1399 355 1470 esto,
367 1399 488 1476 populus
501 1399 618 1476 Laevino
630 1401 729 1458 mallet
743 1401 882 1462 honorem

141 1504 241 1561 Quam
254 1502 344 1560 Decio
357 1503 492 1560 mandare
504 1521 591 1572 novo,
614 1502 767 1579 censorque
781 1515 907 1564 moveret

137 1606 259 1682 Appius,
279 1605 407 1682 ingenuo
419 1605 440 1662 si
454 1624 512 1662 non
525 1603 612 1662 essem
624 1614 704 1680 patre
717 1616 799 1664 natus
806 1630 814 1676 ς

136 1709 192 1766 Vel
205 1709 317 1778 merito,
327 1706 462 1784 quoniam
473 1706 505 1763 in
518 1705 630 1784 proprii
641 1725 699 1764 non
709 1708 783 1782 pelle
793 1707 939 1785 quiessem.

137 1812 192 1870 Sed
203 1811 335 1890 fulgente
348 1809 436 1868 trahit
448 1809 608 1874 constrielos
623 1808 711 1886 gloria
725 1829 810 1868 curru

137 1914 208 1972 Non
220 1913 316 1972 minus
328 1912 441 1990 ignotos
458 1913 604 1990 generosis.
646 1913 715 1970 Ouo
729 1913 790 1985 tibi,
804 1915 884 1988 llll,

137 2018 254 2076 Sumere
267 2016 425 2092 depositum
437 2016 559 2082 clavum,
580 2014 696 2091 fierique
710 2016 841 2078 tribuno?

81 2167 83 2172 .
135 2119 250 2184 Invidia
263 2119 391 2190 accrevit,
411 2117 521 2194 privato
533 2137 597 2193 quae
609 2117 703 2176 minor
715 2120 796 2178 esset:

134 2223 224 2292 Nam,
244 2233 279 2280 ut
291 2221 410 2298 quisque
421 2220 534 2279 insanus
552 2219 640 2297 nigris
658 2221 786 2282 medium
804 2222 937 2302 impediit

149 2347 152 2354 ’
213 2343 278 2382 crus

133 2427 266 2497 Pellibus,
280 2435 310 2484 et
321 2427 414 2484 latum
426 2425 537 2484 demisit
550 2426 662 2501 peeore
675 2427 796 2499 clavum,

133 2530 229 2589 Audit
241 2529 387 2600 continuo,
415 2529 489 2586 Quis
502 2529 588 2586 homo
602 2528 664 2586 hic?
691 2541 750 2602 aut,
772 2533 842 2592 Quo
853 2541 935 2612 patre

214 2635 317 2693 natus?
642 2645 644 2652 '

131 2737 185 2808 Ut,
199 2737 220 2794 fi
234 2737 284 2813 qui
297 2744 416 2814 aegrotet
428 2755 485 2812 quo
497 2737 597 2794 morbo
610 2736 719 2807 Barrus,
740 2737 839 2798 haberi

130 2833 175 2899 Ut
188 2839 284 2916 cupiat
297 2839 448 2910 fonnosus3
469 2847 514 2896 eat
528 2857 706 2916 quacunque,
719 2840 822 2915 puellir

131 2941 246 3018 Injiciat
258 2961 355 3002 cirrum
368 2941 512 3019 querendi
525 2941 643 3019 singula,
658 2942 736 3017 quali

131 3044 174 3102 Sit
186 3044 270 3117 facie,
283 3045 346 3104 suri
358 3045 444 3122 quali,
457 3045 538 3122 pede,
552 3044 645 3113 dente,
659 3043 779 3119 copillot

130 3147 185 3222 Sic,
199 3147 249 3227 qui
262 3149 414 3228 promittit,
425 3149 510 3221 cives,
519 3150 626 3221 ‚urbem
638 3145 690 3205 fibi
702 3165 786 3222 curae,
