2242 3680
328 218 331 226 ¹
439 223 530 280 LIB.
556 223 580 278 I.
619 239 647 278 x.
899 224 935 274 41

140 352 241 408 Quam
256 349 342 420 rudis,
355 357 385 406 et
397 348 502 406 Graecis
515 348 614 406 intasti
626 345 759 405 carminis
770 354 859 416 autor,

141 455 297 527 Quamque
309 454 456 527 petitarum
472 450 612 517 seniorum
627 453 721 508 turba:
743 451 792 508 sed
804 449 861 523 ille,
897 437 902 446 ⁴

140 556 169 612 Si
183 557 258 612 foret
270 555 325 611 hoc
337 555 461 612 nostrum
471 555 531 612 fato
544 555 652 612 delatus
665 553 695 610 in
709 573 811 626 aevum,

141 638 290 716 Detereret
303 657 353 713 fibi
366 657 471 726 multa3
493 655 627 713 recideret
640 676 733 726 omne,
748 658 825 732 quod
836 656 910 714 ultra

141 758 302 818 Perfectum
314 758 484 829 traheretur5
507 767 536 816 et
548 759 579 816 in
592 759 672 816 versu
684 759 814 816 faciendo

142 865 222 939 Saepe
231 871 317 938 caput
329 862 463 932 scaberet,
475 861 553 919 vivos
566 871 595 918 et
608 861 717 918 roderet
730 881 848 938 ungues.

143 967 222 1042 Saepe
236 965 330 1021 stilum
341 975 441 1033 vertas,
452 963 564 1033 iterum,
583 984 647 1039 quae
660 964 745 1040 digna
758 964 816 1041 legi
827 965 889 1035 smt,

144 1067 302 1143 Scripturus
308 1091 316 1136 3
338 1083 438 1142 neque,
453 1076 481 1122 te
492 1074 525 1124 ut
539 1067 657 1124 miretur
669 1070 760 1137 turba,
773 1068 890 1137 labores,

144 1172 305 1228 Contentus
317 1169 412 1245 paucis
424 1154 581 1226 lesioribus.
622 1169 671 1226 An
685 1179 734 1226 tua
747 1170 863 1227 demens

145 1274 257 1330 Vilibus
268 1273 298 1329 in
311 1272 384 1329 ludis
396 1271 495 1329 distari
506 1271 630 1328 camrina
643 1272 741 1330 malis?

145 1378 215 1434 Nou
228 1395 297 1452 eg05
319 1395 386 1432 nam
398 1373 463 1431 satis
475 1374 515 1432 est
526 1373 652 1449 equitem
665 1373 737 1431 mihi
749 1375 889 1451 plaudere,
908 1385 942 1433 ut
1029 1373 1035 1386 ''

224 1481 327 1549 audax,

148 1581 308 1640 Contemtis
321 1580 391 1650 aliis,
404 1581 516 1656 explosa
528 1580 686 1638 Arbuscula
699 1579 781 1639 dixit.

124 1721 131 1728 -
148 1687 227 1742 Men'
236 1692 349 1741 moveat
361 1683 454 1740 cimex
467 1683 602 1740 Pantilius
608 1707 616 1752 3
638 1691 687 1739 aut
700 1683 813 1753 cruciet,
828 1686 904 1759 quod

148 1787 270 1864 Vellicet
283 1785 427 1843 absentem
439 1785 617 1842 Demetrius?
638 1795 689 1842 aut
702 1787 778 1860 quod
787 1786 901 1863 ineptus

149 1889 272 1951 Fannius
285 1887 473 1965 Hermogenis
485 1889 571 1945 laedat
584 1887 701 1945 conviva
713 1887 835 1964 Tigelli?
850 1884 851 1888 ’

150 1993 264 2062 Plotius,
279 2000 309 2048 et
321 1989 432 2061 Varius,
445 1991 597 2059 Maecenas,
610 1989 829 2066 Virgiliusque„¹

149 2095 278 2171 Valgius
292 2102 322 2150 et
333 2095 434 2172 probet
446 2091 506 2148 haec
516 2091 650 2149 Octavius
662 2092 795 2168 optimus,
809 2101 895 2168 atque

150 2199 173 2256 F
173 2197 269 2267 oscus,
290 2205 320 2252 et
333 2196 393 2252 haec
406 2195 516 2251 utinam
529 2193 677 2251 Viscorum
689 2195 787 2252 laudet
799 2205 933 2272 uterque:

151 2300 319 2358 Ambitione
332 2297 464 2375 relegati,
485 2306 513 2353 te
525 2296 617 2353 dicere
629 2297 749 2372 possum,

152 2403 241 2462 Pollio
246 2428 255 2473 5
277 2411 314 2472 te,
329 2400 455 2471 Messala,
469 2409 520 2456 tuo
532 2419 598 2456 cum
611 2398 709 2482 fratrej
732 2399 869 2476 simulque

151 2507 220 2576 Vos,
234 2503 335 2561 Bibule
347 2511 377 2560 et
390 2501 480 2572 Servi5
502 2501 583 2558 fimul
597 2500 640 2556 his
654 2509 691 2571 te,
713 2503 831 2560 candide
844 2504 948 2561 Furni:

153 2607 320 2682 Complures
333 2605 409 2674 alios,
429 2605 523 2661 dottos
537 2623 590 2678 ego
604 2622 673 2678 quos
686 2612 714 2660 et
728 2605 833 2662 amicos

152 2711 276 2768 Prudens
288 2715 431 2783 praetereo,
446 2705 547 2782 quibus
559 2704 629 2775 haec,
647 2707 701 2762 fint
713 2707 931 2786 qualiacunque,

152 2812 287 2870 Arridere
298 2809 384 2867 velim
389 2833 398 2879 3
420 2808 565 2876 doliturus,
580 2807 600 2863 fi
613 2807 742 2883 placeant
754 2808 802 2884 spe

154 2913 287 2972 Deterius
300 2911 399 2968 nostri.
441 2909 579 2978 Demetri,
593 2921 686 2984 teque,
699 2909 815 2986 Tigelli,

154 3017 364 3092 Discipularum
376 3014 452 3070 inter
460 3011 546 3086 jubeo
559 3012 667 3088 plorare
680 3012 833 3069 cathedras.

154 3121 178 3192 1,
191 3139 269 3198 puer,
284 3127 369 3194 atque
382 3135 445 3176 meo
458 3115 530 3173 citus
543 3114 604 3172 haec
618 3113 756 3172 subscribe
768 3113 875 3174 libello.
