2242 3680
159 205 179 258 4
400 204 710 277 SERMONUM‚

160 327 268 384 Fabula·
280 335 422 386 narratur:
444 332 581 408 congestis
594 334 721 409 undique
733 331 818 391 saccis

160 428 301 487 Indormis
314 429 435 503 inhians,
456 443 485 490 et
497 443 634 510 tanquam
646 454 759 511 parcere
771 432 855 492 sacris

113 607 114 612 ἵ
161 531 288 608 Cogeris,
309 542 359 589 aut
371 533 452 609 pionis
465 545 602 611 tanquam
615 540 737 613 gaudere
749 535 869 594 tabellis,

161 633 261 692 Nescis
275 653 332 709 quo
342 636 436 696 valeat
450 641 601 696 nummus?
623 659 709 714 quem
721 641 845 715 praebeat
857 637 962 695 usum-‘i‘v

162 738 244 796 Panis
256 746 377 810 ematur,
392 741 462 811 olus,
475 741 535 798 vini
548 742 697 800 sextarius:
719 743 800 813 adde,

163 842 238 899 Quis
250 841 375 900 humana
389 841 440 900 fibi
453 843 547 901 doleat
560 853 660 902 natura
673 845 793 922 negatis.

162 945 213 1002 An
223 944 341 1020 vigilare
354 953 435 1002 metu
447 945 618 1017 exanimem,
639 947 791 1022 nooresque
808 946 924 1022 diesque

162 1045 325 1116 Bormidare
337 1047 426 1104 malos
439 1047 524 1116 fures,
544 1047 684 1120 incendia,
705 1049 806 1119 servos,

163 1150 212 1208 Ne
225 1159 254 1208 te
266 1149 421 1224 compilant
433 1149 589 1226 fugientem
611 1150 665 1208 hoc
675 1149 772 1227 juvat?
794 1151 897 1208 horum

164 1254 280 1329 Semper
290 1269 345 1328 ego
357 1251 477 1328 optarim
490 1253 683 1328 pauperrimus
695 1253 750 1310 effe
762 1255 910 1312 bonorum.

162 1357 216 1426 At,
237 1355 258 1412 fi
272 1354 419 1420 condoluit
430 1362 573 1412 tentatum
589 1353 692 1431 frigore
705 1374 814 1432 corpus,

164 1459 229 1516 Aut
241 1457 311 1516 alius
324 1457 403 1516 casus
415 1457 487 1516 lesio
500 1467 529 1514 te
540 1457 645 1526 affixit5
669 1458 764 1528 habes,
785 1457 835 1533 qui

165 1559 302 1630 Affideat,
323 1560 451 1618 fomenta
463 1569 553 1636 paret,
573 1559 717 1618 medicum
729 1567 817 1636 roget,
838 1568 872 1617 ut
883 1567 917 1618 te

163 1663 294 1733 suscitet,
309 1681 341 1720 ac
355 1662 428 1720 natis
438 1663 537 1720 reddat
548 1662 674 1738 carisque
686 1661 859 1739 propinquis.

166 1766 236 1824 Non
248 1783 320 1822 uxor
333 1764 442 1824 salvum
454 1773 483 1820 te
495 1764 566 1834 vult,
588 1784 645 1822 non
656 1765 745 1824 filius:
766 1783 866 1822 omnes

166 1867 263 1926 Vicini
275 1868 405 1937 oderunt,
425 1866 496 1937 noti,
515 1866 596 1942 pueri
609 1877 695 1942 atque
706 1869 819 1944 puellae.

167 1970 290 2038 Miraris,
311 1988 377 2026 cum
390 1977 423 2025 tu
436 1977 553 2044 argento
565 1970 625 2044 post
637 1970 733 2026 omnia
745 1989 841 2046 ponas,

168 2073 198 2138 Si
211 2053 295 2130 nemo
309 2071 428 2147 praestet,
448 2090 535 2146 quem
548 2090 606 2128 non
619 2072 758 2142 merearis,
772 2091 897 2130 amorem
904 2075 921 2128 r·

168 2177 220 2246 At,
241 2174 262 2230 fi
275 2182 419 2250 cognatos,
440 2173 519 2230 nullo
533 2182 632 2232 natura
645 2175 739 2232 labore

170 2279 252 2336 Quos
264 2275 317 2334 tibi
330 2277 388 2344 dat,
409 2275 530 2332 retinere
542 2275 611 2332 velis
624 2276 787 2352 servareque
797 2277 901 2334 amicos
908 2301 917 2348 ς

170 2378 276 2438 Infelix
289 2397 403 2453 operam
416 2378 525 2453 perdas,
545 2386 579 2434 ut
592 2378 611 2434 fi
623 2379 686 2452 quis
698 2378 815 2438 asellum

170 2484 206 2540 In
218 2499 319 2556 campo
332 2481 431 2536 doceat
444 2488 592 2555 parentem
604 2497 714 2538 currere
726 2481 829 2540 fraenis.

171 2585 312 2659 Denique,
327 2583 361 2638 sit
372 2583 437 2641 finis
451 2581 594 2658 quaerendi
600 2607 608 2653 3
630 2577 743 2658 quoque
755 2585 858 2642 habeas
870 2585 943 2662 plus,

170 2685 337 2762 Pauperiem
350 2693 460 2741 metuas
473 2684 576 2755 minus,
597 2695 626 2742 et
638 2685 720 2744 finire
733 2687 858 2745 laborem

171 2789 302 2865 Incipias,
322 2797 403 2863 parto
417 2788 493 2862 quod
507 2789 621 2858 avebam
643 2788 786 2860 nefarias,
800 2793 876 2865 quod

171 2889 337 2950 Ummidius
342 2915 351 2960 3
372 2890 431 2965 qui,
447 2892 528 2965 (tam,
546 2909 604 2948 non
617 2891 703 2968 longa
715 2893 755 2948 est
767 2892 872 2964 fabula,
885 2893 975 2966 dives,

172 2995 217 3051 Ut
229 2993 376 3052 metiretur
390 3012 521 3050 nummos
527 3017 535 3062 i
557 2992 598 3050 ita
610 2993 745 3065 sordidus,
758 3003 792 3052 ut
805 2995 833 3052 se

173 3096 243 3156 Non
255 3113 383 3171 unquam
395 3095 473 3156 servo
483 3094 585 3154 melius
596 3095 720 3171 vestiret)
732 3099 769 3155 ad
782 3097 868 3174 usque
