2242 3680
222 225 261 276 38
457 219 778 290 SERMONUM‚

223 344 329 404 Aicbas
342 365 464 404 mecum.
498 347 624 404 Memini
636 351 723 417 bcne;
744 345 792 402 sed
805 339 916 400 meliori

165 505 169 514 ,
222 448 365 523 Tempore
375 448 483 506 dicam:
506 449 591 507 hodie
604 449 743 506 tricelima
757 447 886 504 sabbata:
908 443 952 502 vie
965 453 998 504 tu

225 550 321 608 Curtis
334 551 440 627 Judaeis
453 553 607 628 oppcdere?
629 551 718 608 Nulla
732 548 813 618 mihi,
826 547 957 623 inquam,

225 652 337 728 Religio
350 654 398 710 cst.
438 655 481 710 At
494 653 534 710 mi
541 679 549 724 5
571 653 634 710 sum
647 653 732 729 paulo
744 650 894 720 infimior,
909 669 982 707 unus

225 739 401 812 Multorum:
423 755 568 832 ignosces:
591 755 658 813 alias
671 755 778 831 loquar.
818 752 972 810 Hunccine
984 752 1029 809 so*

305 858 363 914 lem

225 960 300 1016 Tam
311 959 426 1035 nigrum
439 960 551 1018 surrexe
563 959 649 1020 mihi!
670 960 756 1036 Fugit
768 959 924 1035 improbus,
938 977 971 1015 ac
981 975 1031 1015 mo

226 1063 284 1119 Sub
296 1063 386 1118 cultro
400 1062 512 1138 linquit.
554 1062 629 1120 Casu
641 1063 720 1120 venit
733 1061 832 1119 obvius
848 1060 891 1118 illi

226 1141 423 1222 Adversarius:
446 1174 484 1234 et,
505 1167 573 1222 Quo
586 1174 619 1222 tu
632 1165 812 1246 turpiffimei¹
826 1163 933 1239 magni
970 1153 974 1160 ⁸

226 1267 366 1324 Inclamat
379 1287 448 1324 voce
456 1292 464 1337 ;
486 1277 524 1337 et,
539 1268 620 1325 Licet
633 1267 779 1325 antestari?
801 1266 864 1342 Ego
876 1283 944 1322 vero

227 1369 350 1445 Oppono
363 1368 532 1427 auriculam:
553 1369 626 1444 rapit
638 1368 668 1426 in
675 1367 736 1444 jus:
759 1365 1042 1443 elamorutrinqucr'

227 1472 363 1549 Undique
377 1473 534 1532 concursus.
574 1471 619 1530 Sic
632 1491 679 1530 me
690 1471 810 1530 servavit
822 1469 939 1548 Apollo.
1025 1517 1030 1527 .

490 1809 692 1867 SATIRA
731 1811 768 1866 X.

228 1985 341 2044 Nnnrn
354 1983 539 2063 incompofito
552 1987 612 2045 dixi
624 1988 696 2064 pede
709 2005 819 2044 currere
832 1985 928 2044 versus
996 1985 1001 1998 ¹

229 2087 336 2146 Lucili:
359 2089 421 2164 quis
433 2098 493 2146 tam
507 2090 599 2147 Lucili
612 2091 707 2147 fautor
719 2089 815 2165 inepte
827 2089 875 2159 est,

230 2193 274 2249 Ut
286 2212 343 2249 non
355 2194 410 2249 hoc
423 2194 562 2251 fateatur?
583 2201 613 2251 at
626 2193 712 2266 idem,
726 2194 803 2269 quod
816 2193 872 2252 sale
885 2194 982 2252 multo
1102 2195 1103 2212 ³

230 2295 341 2352 Urbem
354 2293 495 2366 defricuit,
509 2295 607 2353 chartd
619 2295 751 2353 laudatur
763 2295 872 2352 eidem.

230 2397 296 2454 Nec
308 2406 404 2454 tamen
424 2398 479 2456 hoc
492 2397 625 2468 tribuens,
646 2398 772 2456 dederim
784 2417 898 2474 quoque
911 2406 1029 2456 caetera:

309 2519 377 2557 nam
390 2500 427 2556 fic

231 2603 269 2661 Et
283 2601 383 2659 Laberi
396 2602 506 2672 mimos,
527 2613 561 2660 ut
574 2602 690 2678 pulchra
703 2602 834 2678 po'e'mata
847 2601 942 2660 mirer.

231 2707 308 2784 Ergo
321 2704 454 2762 nonsatis
466 2707 505 2762 est
516 2704 573 2762 risu
586 2705 718 2762 diducere
732 2705 836 2764 riflum

232 2807 380 2868 Auditon's
385 2831 394 2877 3
413 2815 442 2864 et
450 2807 488 2862 cst
499 2807 629 2882 quaedam
639 2815 736 2864 tamen
747 2806 794 2863 hic
804 2825 919 2882 quoque
926 2807 1031 2872 virtus:

233 2913 280 2970 Est
294 2910 431 2969 brevitate
444 2929 522 2985 opus,
535 2919 569 2966 ut
581 2917 675 2966 currat
687 2909 835 2978 sententia,
850 2927 907 2966 neu
920 2910 952 2967 se

233 3013 374 3088 Impediat
386 3011 477 3070 verbis
489 3011 568 3070 laffas
584 3011 765 3070 onerantibus
779 3029 872 3069 aures:

232 3114 271 3178 Et
283 3113 410 3172 sermone
420 3133 490 3190 opus
503 3115 543 3173 est
554 3115 640 3172 modo
654 3113 732 3185 tristi,
747 3114 818 3190 saepe
826 3113 933 3190 jocoso,
