2238 3686
191 237 248 287 104
405 227 775 294 EPISTULARUM,

188 354 226 410 Et
240 353 290 410 fibi
303 354 374 410 dum
384 354 522 428 requiem,
535 356 606 414 dum
619 353 698 420 risus,
711 351 838 426 undique
851 349 991 425 quaeritf·

187 458 269 526 Dum
281 458 388 532 septem
401 459 489 516 donat
502 458 635 526 sestertia,
648 465 748 512 mutua
758 455 869 530 septem

187 560 341 624 Promittit,
355 561 504 634 persuadet
516 560 559 616 uti
572 569 713 621 nieroetur
726 559 862 634 agellum.

187 663 348 720 Mereatur:
370 683 408 720 ne
422 674 451 720 te
464 663 556 738 longis
567 663 737 738 ambagibus
749 661 824 718 ultra

188 767 288 822 Quam
301 765 365 822 sutis
377 766 418 822 est
430 785 532 834 morer,
546 785 582 824 ex
596 765 687 822 nitido
700 765 735 821 fit
748 765 873 832 rusticus,
887 773 973 839 atque
1095 793 1096 834 q

187 869 284 924 Sulcus
295 879 326 924 et
339 868 433 926 rineta
446 879 543 944 crepat
556 887 643 936 mera,
657 877 795 942 praeparat
806 867 907 935 tssmos,
929 927 933 937 ,

187 971 355 1028 Immoritur
368 971 474 1038 studiis,
487 982 517 1028 et
529 989 625 1030 amore
638 969 755 1028 senescit
769 969 903 1026 habendi.

187 1075 298 1130 Verum
310 1073 360 1130 ubi
374 1093 439 1130 oves
452 1073 539 1141 fruto,
552 1076 652 1130 morbo
662 1072 770 1148 periere
783 1072 911 1146 capellae2

188 1178 273 1251 Spem
285 1176 406 1232 mentita
419 1175 506 1250 seges,
521 1178 570 1232 bos
583 1175 622 1230 est
634 1175 749 1232 eneeus
762 1175 885 1244 arand05

187 1277 321 1334 Offensus
334 1277 454 1344 damnis,
468 1277 563 1334 medii
576 1278 612 1333 de
624 1277 707 1333 nesle
720 1277 864 1334 caballum

187 1381 307 1456 Arripit,
321 1380 464 1454 iratusque
478 1379 601 1454 Philippi
617 1379 710 1436 tendit
723 1381 760 1435 ad
772 1381 860 1436 aedes:

189 1483 288 1540 Quem
300 1483 382 1540 simul
396 1481 506 1556 aspexit
525 1483 655 1539 scabrum
669 1481 872 1560 intonsumque
886 1481 993 1560 Philip

229 1616 235 1623 “
267 1605 329 1660 Pus,

187 1688 293 1756 Durus,
307 1687 356 1756 ait,
370 1687 479 1756 Vultei,
494 1687 589 1756 nimis,
603 1697 786 1764 attentusque
799 1688 905 1748 videris

187 1791 250 1846 Esse
264 1790 345 1848 mihi.
380 1790 438 1858 Pol,
452 1807 499 1846 me
511 1788 654 1858 miserum,
669 1802 795 1865 patrone,
810 1811 935 1870 vocaresp

85 1967 90 1978 ὓ
187 1894 216 1950 Si
230 1894 322 1962 velles,
338 1891 442 1966 inquit,
455 1911 556 1948 rerum
568 1892 641 1948 mihi
653 1911 759 1968 ponere
773 1913 887 1950 nomen.

188 1997 277 2058 Quod
288 2005 317 2051 te
325 2014 376 2070 per
384 1993 517 2063 Genium,
531 1995 727 2070 dextramque,
739 1997 864 2072 deosque
875 1999 996 2056 Penates
1095 1979 1096 2046 i

188 2100 314 2158 Obsecro
324 2109 354 2154 et
366 2099 497 2167 obtestor,
511 2097 577 2154 vitae
590 2117 637 2154 me
650 2100 735 2156 redde
748 2101 843 2175 priori.
989 2105 991 2110 '

189 2201 251 2258 (uui
264 2201 350 2258 semel
363 2199 481 2276 aspexit,
495 2209 638 2274 quantum
650 2201 762 2258 dimissa
772 2204 869 2278 petitis

188 2306 329 2376 Praestent,
343 2313 454 2360 mature
467 2303 573 2371 redeat,
587 2314 752 2379 repetatque
767 2305 873 2363 relieta.

187 2407 287 2463 Metiri
300 2406 328 2462 se
341 2423 484 2479 quemque
497 2403 546 2460 suo
559 2405 675 2462 modulo
688 2425 721 2464 ac
732 2403 814 2483 pede,
830 2430 931 2468 verum
942 2412 991 2470 est.

398 2703 661 2762 EPISTOLA
692 2708 777 2766 VIII.

361 2859 403 2895 An
425 2860 546 2898 cssLsUM
569 2862 812 2917 Atuluuvnuuu.

186 3017 285 3072 Cnnso
301 3020 424 3093 gaudere
434 3030 464 3075 et
477 3022 548 3078 bene
560 3040 622 3078 rem
635 3042 732 3098 gerere
743 3025 939 3095 Albinovano,

186 3118 271 3204 Musn
284 3131 391 3198 rogata,
405 3123 489 3196 refer,
501 3124 601 3182 comiti
612 3125 766 3208 scribaeque
780 3129 915 3188 Neronis.
