2238 3686
415 227 507 288 irs.
536 229 575 287 11.
615 227 644 286 u.
855 207 912 283 ‘143

116 352 228 424 Verbis,
249 373 313 430 quae
329 354 431 414 timido
451 373 564 432 quoque
582 355 691 432 poffent
712 350 813 412 addere
833 370 914 410 men·

196 467 270 516 tem:

115 563 142 632 1,
155 564 240 633 bone,
256 582 313 639 quo
325 563 413 620 virtus
426 572 475 627 tua
488 571 517 620 te
527 571 623 632 vocat,
644 561 663 632 i,
678 561 750 637 pede
763 560 862 630 fauste,

116 663 244 720 Grandia
257 663 364 722 laturus
376 665 541 722 meritorum
553 663 678 740 praemia.
712 662 794 720 Quid
805 663 874 720 stas?

117 765 181 822 Post
196 764 259 822 haec
270 765 319 823 ille
332 775 420 838 catus,
433 766 615 842 quantumvis
626 765 757 836 rusticum
778 765 844 834 Ibit,

116 866 178 926 Ibit
190 887 233 938 eo,
247 869 366 944 quovis,
385 869 435 946 qui
448 887 550 926 zonam
562 867 693 945 perdidit,
706 867 809 944 inquit.

116 971 218 1028 Rornae
228 971 330 1030 nutriri
342 972 414 1030 mihi
426 957 556 1048 contigil,
570 979 655 1046 atque
667 969 761 1028 doceri

116 1073 315 1139 IratusGraiis
328 1084 468 1150 quantum
478 1073 614 1132 nocuisset
627 1071 767 1132 Achilles:
891 1071 894 1080 '

116 1175 257 1252 Adjecere
269 1179 351 1234 bonae
364 1177 448 1253 paulo
460 1177 523 1252 plus
536 1175 606 1241 artis
616 1176 757 1245 Athenae,

118 1277 232 1342 Scilicet
246 1287 278 1336 ut
288 1279 395 1356 pollem
408 1298 493 1336 curvo
507 1277 668 1356 dignoscere
681 1278 797 1347 retium,

117 1382 217 1456 Atque
230 1381 305 1439 inter
317 1382 397 1440 filvas
409 1381 548 1440 Academi
560 1400 684 1457 quaerere
696 1399 804 1438 verum.

117 1484 199 1542 Dura
209 1483 256 1542 sed
269 1503 397 1542 emovere
409 1484 472 1542 loco
485 1503 533 1542 me
544 1493 671 1560 tempora
684 1495 778 1566 grato,

119 1585 274 1662 Civilisque
286 1587 387 1646 rudem
396 1585 463 1645 belli
476 1585 542 1643 tulit
555 1585 634 1642 aestus
646 1585 678 1641 in
691 1603 777 1654 arma,

119 1688 236 1746 Caesaris
248 1689 372 1767 Augusti
385 1707 443 1746 non
456 1687 618 1764 responsura
632 1687 749 1744 lacertis.

119 1791 206 1860 Unde
218 1791 438 1868 fimulpn‘mum
448 1809 495 1848 me
508 1789 638 1847 dimisere
650 1789 781 1866 Philippi,

119 1894 227 1952 Docilis
239 1894 378 1954 humilem
390 1893 499 1972 pennis,
510 1893 682 1970 inopemque
691 1893 801 1970 paterni

120 1997 159 2054 Et
170 1996 236 2054 laris
249 2007 278 2055 et
290 1997 382 2068 fundi,
396 2004 544 2074 paupertas
556 1995 671 2072 impulit
684 1997 776 2054 audax

120 2100 165 2157 Ut
177 2099 271 2156 versus
282 2099 417 2159 facerem:
440 2099 496 2170 sed,
510 2100 587 2174 quod
599 2117 657 2155 non
671 2098 749 2176 defit,
763 2098 916 2159 habentem

122 2201 198 2260 Quae
210 2209 343 2278 poterunt
355 2219 483 2276 unquam
495 2199 561 2258 satis
573 2218 729 2277 expurgare
740 2201 850 2273 cicutae,

121 2305 163 2362 Ni
175 2305 276 2363 melius
290 2303 412 2362 dormire
424 2311 531 2379 putem,
544 2321 631 2377 quam
642 2301 762 2360 scribere
773 2305 882 2364 versus?

121 2408 239 2485 Singula
252 2409 287 2465 de
300 2406 381 2464 nobis
393 2405 461 2464 anni
475 2406 637 2482 praedantur
648 2413 760 2476 euntem

121 2510 258 2586 Eripuere
266 2508 353 2586 jocos,
366 2526 507 2578 venerem,
520 2506 657 2578 convivia,
669 2507 784 2579 ludum,

121 2613 259 2674 Tendunt
271 2620 436 2687 extorquere
447 2611 589 2687 poemata:
607 2609 682 2695 vquid
695 2611 799 2670 faciam
810 2615 868 2672 vis?

122 2716 264 2792 Denique,
278 2734 334 2772 non
348 2732 446 2772 omnes
457 2713 556 2771 eadem
569 2711 716 2784 mirantur,
730 2725 896 2793 amantque:

123 2818 259 2876 Carmine
275 2826 309 2876 tu
322 2817 440 2894 gaudes,
461 2815 508 2873 hic
521 2815 675 2874 deledlatur
685 2815 786 2876 iambis
791 2842 800 2890 5

123 2921 177 2978 Ille
190 2918 303 2978 Bioneis
312 2917 494 2988 sermonibus,
508 2926 537 2975 et
547 2917 603 2976 sale
615 2919 705 2996 nigro.
735 2959 739 2966 ·

123 3027 194 3084 Tres
206 3023 279 3081 mihi
290 3022 415 3081 convivae
427 3038 513 3098 prope
526 3021 667 3079 dissentire
679 3020 819 3094 videntur,

125 3129 271 3188 Poscentes
283 3127 361 3188 vario
373 3126 498 3186 multum
510 3124 617 3184 diversa
628 3124 732 3201 palato.
