2238 3686
98 297 101 304 Δ
196 219 252 276 irs
405 215 773 290 sarsTouAnuM,

195 347 320 403 Proferet
331 345 361 403 in
375 346 476 418 lucem,
491 347 612 424 speciosa
624 347 759 406 vocabula
772 357 880 417 rerum
984 419 987 426 ῃ

197 449 272 506 Quae
284 448 379 526 priscis
391 459 547 508 memorata
560 450 716 526 Catonibus
728 459 814 526 atque
827 447 981 524 Cethegis,

196 551 284 608 Nunc
297 551 364 608 situs
377 551 506 610 informis
518 553 630 628 premit,
644 562 673 610 et
686 553 793 610 deserta
806 552 941 610 vetustas:

196 652 341 711 Adsciscet
355 673 436 723 nova,
448 674 513 730 quae
526 655 638 731 genitor
652 654 817 732 produxerit
829 654 904 712 usus.

196 755 366 828 Vehemem,
379 767 409 814 et
421 757 553 832 liquidus,
567 777 693 834 puroque
705 757 862 814 simillimus
875 754 966 826 amni,

196 860 308 918 Fundet
321 880 394 937 opes,
409 860 580 936 Latiumque
593 860 689 918 beabit
701 860 788 917 divite
799 859 907 936 lingua.

197 963 384 1020 Luxuriantia
395 963 562 1039 compescet,
576 962 660 1020 nimis
672 963 766 1038 aspera
780 963 847 1020 sano

197 1065 317 1124 Levabit
330 1066 418 1136 cultu,
432 1065 538 1123 virtute
550 1065 675 1122 carentia
689 1065 783 1128 tollet:

198 1168 335 1226 Ludentis
349 1167 469 1244 speciem
482 1167 569 1236 dabit,
587 1176 616 1224 et
629 1167 805 1244 torquebitur
809 1192 818 1238 3
840 1167 937 1242 utqui

198 1271 286 1329 Nunc
300 1271 440 1347 Satyrum,
454 1290 530 1329 nunc
543 1273 678 1351 agrestem
691 1271 827 1348 Cyclopa,
841 1279 983 1328 movetur.

198 1372 373 1432 Praetulerim
385 1373 503 1450 scriptor
514 1376 617 1433 delirus
630 1375 760 1452 inersque
773 1373 871 1444 videri,

199 1477 279 1534 Dum
292 1495 354 1534 mea
368 1477 509 1545 deledent
520 1479 595 1536 mala
609 1497 664 1549 me,
678 1478 723 1536 vel
736 1476 858 1553 denique
872 1477 989 1548 fallant,

201 1581 298 1638 Onam
312 1580 415 1656 sapere,
429 1590 458 1638 et
469 1581 552 1658 tingi.
574 1581 640 1639 Fuit
650 1581 726 1638 haud
736 1579 868 1657 ignobilis
878 1567 984 1656 Argis,

201 1683 261 1742 Qui
276 1684 304 1742 se
315 1684 447 1744 credebat
462 1684 548 1742 miros
562 1685 659 1743 audire
672 1685 820 1762 tragoedos

200 1789 235 1844 In
248 1806 337 1845 vacuo
347 1787 428 1844 laetus
440 1787 521 1846 sessor
534 1788 700 1865 plausorque
713 1788 838 1856 theatro;

200 1891 310 1948 Caetera
323 1889 372 1965 qui
384 1889 450 1946 vitae
463 1891 584 1948 servaret
596 1891 695 1948 munia
707 1892 783 1950 resto

200 1994 284 2050 More
289 2016 297 2063 3
319 1994 409 2050 bonus
423 1993 488 2050 sane
500 1993 618 2063 vicinus,
632 1993 760 2052 amabilis
771 1993 878 2070 hospes,

201 2095 299 2152 Comis
311 2094 342 2152 in
355 2115 482 2166 uxorem,
495 2095 585 2172 posset
597 2097 645 2172 qui
657 2096 798 2173 ignoscere
811 2095 909 2174 servis,

200 2199 238 2255 Et
252 2198 330 2274 figno
344 2198 408 2256 laeso
419 2218 475 2256 non
490 2199 611 2256 insanire
625 2200 748 2276 lagenae:

202 2301 291 2358 Posset
304 2301 354 2377 qui
367 2321 466 2377 rupem
479 2311 508 2358 et
521 2313 640 2376 puteum
652 2301 741 2360 vitare
753 2311 908 2378 patentem.

201 2402 268 2473 Hic,
282 2404 332 2460 ubi
345 2414 530 2481 cognatorum
543 2405 642 2481 opibus
654 2405 783 2480 curisque
796 2404 928 2475 refedtus,

202 2505 319 2582 Expulit
332 2507 475 2564 helleboro
488 2510 628 2578 morbum,
642 2507 785 2583 bilemque
797 2526 919 2578 meraco,

202 2610 240 2666 Et
252 2608 325 2666 redit
337 2610 373 2666 ad
385 2609 457 2667 sese:
479 2611 537 2680 Pol,
550 2625 597 2668 me
610 2609 754 2680 occidistis,
767 2609 860 2679 amici,

202 2712 270 2768 Non
285 2711 416 2782 servastis,
431 2711 480 2784 ait,
493 2712 540 2770 eui
553 2714 590 2770 fic
602 2721 712 2770 extorta
724 2713 861 2788 voluptas,

201 2815 239 2870 Et
252 2815 363 2871 demtus
377 2813 498 2889 pervim
511 2815 614 2872 mentis
628 2815 797 2891 gratissimus
810 2833 894 2872 error.

201 2915 350 2973 Nimirum
363 2915 457 2992 sapere
469 2917 509 2972 est
522 2916 635 2992 abjeuis
646 2916 718 2976 utile
731 2918 825 2994 nugis,

201 3019 240 3075 Et
252 3018 449 3096 tempestivum
458 3019 551 3096 pueris
564 3020 716 3078 conoedere
728 3021 831 3078 ludum
838 3044 847 3090 3

201 3121 248 3176 Ac
262 3139 319 3176 non
330 3123 415 3177 verba
428 3120 507 3196 sequi
519 3121 622 3179 fidibus
634 3123 806 3181 modulanda
820 3120 938 3192 Latinis,

203 3221 255 3277 Sed
269 3239 341 3279 verae
354 3241 540 3298 numerosque
552 3227 706 3301 modosque
718 3225 839 3284 ediscere
851 3224 926 3284 vitae.
