2238 3686
321 275 380 333 DE
404 276 526 336 ARTE
551 275 763 338 POETICA.
884 273 938 336 165

138 401 251 459 Ludere
261 401 311 477 qui
324 402 413 460 nescit
425 405 622 481 campestribus
636 403 755 462 abstinet
764 401 858 478 armis,

138 504 329 581 Indosiusque
341 505 416 592 pilae,
430 506 542 578 discive,
555 507 690 577 trochive,
703 497 847 583 quiescitr

137 606 188 664 Ne
201 605 289 682 spissae
302 607 390 666 risum
403 609 503 666 tollant
514 609 631 687 impune
643 594 767 668 coronae:
941 690 947 697 ¹

125 708 202 766 'Qui
215 710 304 768 nescit
317 711 410 776 versus
424 721 530 782 tamen,
548 713 634 770 audet
647 713 767 790 fingeret
792 710 933 771 Quidni?

136 810 233 883 Liber,
247 820 277 870 et
290 813 447 890 ingenuus3
470 814 625 890 praesertim
637 815 735 872 census
747 814 903 890 equestrem

137 913 287 973 Summam
295 935 488 984 nummorum,
496 917 654 993 vinc'loque
665 925 788 976 remotus
799 919 834 974 ab
845 915 934 975 omni.

136 1017 185 1076 Tu
197 1018 270 1076 nnn
283 1019 457 1078 suessones
469 1021 591 1080 faciesve
604 1021 749 1092 iuncos,
798 1004 801 1010 “

136 1121 172 1178 Id
186 1121 239 1179 tibi
247 1120 388 1198 judicium
401 1123 448 1194 est,
461 1143 494 1182 ea
505 1144 598 1182 mens:
621 1124 640 1181 fi
654 1125 724 1201 quid
737 1134 833 1182 tamen
845 1121 916 1194 olim

137 1222 291 1300 Scripseris,
310 1224 341 1284 in
355 1226 442 1286 Maect
454 1212 604 1284 {escendat
611 1225 714 1303 judicis
727 1245 816 1298 auree,

136 1327 175 1384 Et
191 1327 287 1402 patris,
310 1337 338 1386 et
356 1329 476 1400 nostras3
500 1348 665 1406 nonumque
682 1339 826 1406 prematur
836 1329 866 1388 in
883 1346 933 1390 an·

215 1450 294 1501 num,

136 1533 314 1591 Membranis
328 1533 404 1592 intus
417 1535 528 1612 positis:
556 1535 648 1594 delere
658 1517 765 1606 licebit,

137 1635 226 1692 Quod
239 1655 296 1693 non
308 1636 444 1708 edideris3
466 1636 556 1694 nescit
567 1656 623 1694 vox
633 1637 713 1695 missa
724 1637 834 1696 reverti.

135 1737 275 1796 Silvestres
288 1739 416 1796 homines
429 1738 505 1798 sacer
517 1739 708 1816 interpresque
718 1740 837 1798 deorum

135 1841 278 1915 Caedibus‚
292 1853 322 1898 et
331 1842 408 1900 visin
421 1841 507 1913 foedo,
520 1841 656 1902 deterruit
669 1841 814 1920 Orpheus,

134 1943 236 2001 Distus
249 1947 286 2001 ob
299 1945 353 2002 hoc
365 1943 453 2002 lenire
467 1943 562 2021 tigres,
576 1935 742 2020 rabidosque
754 1945 863 2004 leones:

134 2044 235 2102 Diuus
248 2055 277 2103 et
289 2045 447 2123 Amphion,
460 2047 605 2104 Thebanae
618 2047 747 2111 conditor
759 2045 838 2114 arcis,

134 2149 207 2206 Saxa
220 2167 333 2206 movere
346 2148 414 2206 sono
427 2148 572 2208 testudinis
585 2159 614 2207 et
626 2167 717 2225 prece,
731 2150 836 2208 blande

133 2251 246 2310 Ducere
256 2271 313 2328 quo
326 2252 419 2310 vellet.
460 2250 526 2308 Fuit
538 2251 599 2310 haec
611 2251 747 2330 sapientia
759 2251 911 2329 quondam,

135 2353 251 2411 Publica
263 2353 378 2431 privatis
389 2354 539 2426 secernere,
553 2354 628 2412 sacra
641 2355 775 2433 profanis,
941 2338 943 2342 ,

133 2457 298 2526 Concubitu
311 2456 459 2533 prohibere
473 2475 553 2534 vago,
570 2458 636 2514 dare
645 2455 709 2534 jura
722 2456 840 2531 maritis,

132 2559 248 2636 Oppida
261 2559 364 2631 moliri,
377 2560 454 2637 leges
465 2559 589 2618 incidere
602 2559 696 2637 ligno:

132 2663 179 2740 Sic
192 2662 290 2733 honor,
303 2671 333 2720 et
345 2681 450 2722 nomen
462 2661 565 2720 divinis
577 2662 688 2720 vatibus
698 2670 784 2738 atque

132 2765 315 2824 Carminibus
325 2765 412 2824 venit.
452 2765 514 2823 Post
527 2765 578 2830 hos
589 2765 705 2842 insignis
718 2765 869 2838 Homerus,

131 2871 328 2947 Tyrtaeusque,
342 2888 432 2927 mares
445 2869 553 2928 animos
566 2868 597 2927 in
610 2869 717 2928 Martia
729 2849 804 2928 bella

132 2973 266 3031 Versibus
279 2973 407 3043 exaurit,
429 2971 512 3030 dictae
524 2991 574 3048 per
586 2971 712 3030 carmina
724 2972 826 3044 sortes;

132 3077 171 3136 Et
183 3077 249 3134 vitae
259 3077 411 3138 monstrata
422 3075 469 3135 via
481 3076 529 3146 est,
543 3083 573 3133 et
585 3073 676 3152 gratia
688 3093 790 3151 regum

133 3179 230 3240 Pieriis
240 3189 350 3240 tentata
362 3179 467 3251 modis3
488 3179 628 3254 ludusque
640 3185 774 3255 repertus,
