2242 3680
414 262 509 320 LIB.
534 263 575 320 ΙΙ.
614 249 674 319 viii.
889 256 928 320 bd

126 389 254 450 Divitias
267 389 394 448 miseras!
417 390 464 448 sed
479 391 558 467 queis
572 390 748 448 coenantibus
761 408 827 460 una,

122 493 266 565 Fundani,
278 493 397 570 pulchre
410 493 498 552 suerit
512 493 573 575 tibi,
589 493 665 551 nolle
678 494 785 552 laboro.

123 599 263 656 Summus
275 616 339 674 ego,
353 606 381 654 et
395 617 482 674 prope
494 617 542 656 me
550 597 650 655 Viscus
663 597 822 668 Thurinus;
844 605 873 654 et
887 596 944 653 in*-¹

205 702 258 772 fra,

123 805 154 864 Si
168 803 298 874 memini,
312 805 341 860 V
342 803 430 874 arius;
453 823 518 862 cum
534 803 650 861 Servilio
664 805 814 862 Balatrone

125 907 270 978 Vibidius,
284 926 354 982 quos
368 907 511 964 Maecenas
526 907 682 965 adduxerat
693 909 818 965 umbras.

122 1013 326 1070 Nomentanus
339 1017 401 1067 erat
415 1010 497 1086 super
509 1009 612 1087 ipsum,
627 1010 739 1068 Porcius
753 1010 838 1081 infra,

125 1115 277 1173 Ridiculus
289 1122 362 1171 totas
375 1113 457 1171 srmul
471 1113 618 1171 obsorbere
629 1114 786 1189 placentas:

127 1219 330 1276 Nomentanus
343 1218 379 1274 ad
392 1216 461 1288 h003
482 1216 541 1292 qui,
557 1217 577 1273 fi
590 1217 659 1293 quid
673 1217 746 1274 forte
758 1217 867 1287 lateret,

129 1320 230 1378 Indice
243 1321 407 1378 monstraret
421 1319 527 1397 digito:
550 1339 618 1376 narn
631 1329 731 1376 caetera
745 1320 837 1388 turba,

127 1424 160 1480 N
162 1443 201 1494 oa,
215 1424 344 1499 inquam,
359 1441 503 1480 coenamus
518 1441 590 1492 aves,
605 1421 764 1498 conchylia,
777 1420 875 1496 pisces,

128 1527 231 1602 Longe
244 1525 406 1583 dillimilem
418 1535 487 1583 noto
500 1523 621 1583 celantia
634 1526 750 1582 succum
755 1550 763 1596 3

128 1631 173 1687 Ut
187 1630 233 1687 vel
246 1629 381 1687 continuo
394 1630 496 1705 patuit,
511 1650 578 1688 cum
591 1629 703 1706 passeris
715 1631 772 1701 affl,
788 1638 875 1705 atque

126 1733 275 1809 Ingustata
288 1733 362 1790 mihi
375 1742 536 1809 porrexerat
549 1732 599 1790 ilia
612 1733 735 1791 rhombi.

130 1837 193 1894 Post
206 1836 262 1904 hoc
275 1855 325 1893 me
336 1837 442 1907 docuit,
456 1835 599 1893 melimela
612 1839 713 1894 rubere
725 1837 866 1894 minorem

128 1940 179 1996 Ad
192 1939 293 1996 lunam
306 1939 427 1997 deledta:
450 1939 520 2016 quid
533 1939 588 1995 hoc
600 1939 720 2012 interfit,
735 1942 771 1996 ab
783 1927 844 2015 ipso
888 1930 892 1939 ‘

128 2041 263 2100 Audieris
274 2041 384 2099 melius.
425 2043 503 2100 Tum
516 2041 650 2099 Vibidius
664 2042 822 2100 Balatroni:

127 2145 192 2203 Nos
206 2145 259 2202 nisr
274 2144 408 2208 damnose
421 2144 554 2216 bibimus,
568 2145 722 2203 moriemur
733 2145 833 2203 inulti:

126 2249 165 2305 Et
178 2247 280 2305 calices
293 2247 382 2323 poscit
395 2245 526 2322 majores:
554 2257 662 2306 vertere
674 2249 765 2324 pallor

123 2353 203 2410 Tum
216 2351 333 2429 parochi
345 2351 457 2421 faciem,
473 2351 514 2408 nil
527 2353 565 2409 fic
578 2352 733 2410 metuentis
746 2362 780 2410 ut
795 2371 870 2410 acres

124 2457 253 2525 Potores3
275 2454 320 2511 vel
333 2455 410 2530 quod
423 2453 598 2512 maledicunt
611 2453 735 2524 liberius,
755 2455 800 2512 vel

125 2557 246 2615 Fervida
260 2558 338 2632 quod
351 2557 453 2615 subtile
466 2557 619 2614 exsurdant
631 2547 697 2616 vina
711 2559 848 2634 palatum.

124 2662 278 2719 invertunt
291 2658 455 2735 Alliphanis
469 2659 578 2716 vinaria
593 2669 652 2718 tota

121 2763 257 2821 Vibidius
270 2762 450 2838 Balatroque,
464 2761 565 2819 secutis
576 2763 722 2820 omnibus:
746 2764 798 2820 imi

121 2867 262 2924 Convivae
274 2864 341 2922 letti
354 2865 479 2922 nihilum
494 2874 617 2923 nocuere
629 2866 748 2944 lagenis.

124 2970 259 3028 Affertur
272 2968 386 3044 squillas
399 2968 475 3026 inter
487 2987 613 3026 muraena
626 2978 763 3046 natantes¹

120 3073 158 3132 In
170 3071 270 3152 patind
283 3071 417 3148 porresta.
459 3073 516 3130 Sub
528 3072 583 3130 hoc
597 3071 694 3130 herus:
717 3067 790 3132 Haec
801 3073 928 3151 gravida,

202 3175 308 3251 inquit,
