2238 3686
406 245 502 302 LIB.
531 246 555 305 I.
595 245 654 302 xvi.
853 246 927 312 =117

120 369 279 426 Stultorum
292 369 420 428 incurata
433 371 525 447 pudor
540 373 631 429 malus
643 371 738 428 ulcera
751 369 832 427 celat.
897 369 898 376 ’

118 473 146 530 Si
162 473 225 548 quis
239 474 312 530 bella
326 475 379 532 tibi
394 477 466 532 terri
480 486 606 554 pugnata
620 475 747 550 marique

117 576 213 645 Dicat,
228 587 257 632 et
269 576 312 633 his
324 578 415 634 verbis
428 598 529 636 vacuas
542 579 715 654 permulceat
729 595 824 634 aures:

112 680 194 736 Tene
206 679 295 755 magis
309 679 416 738 salvum
427 682 546 756 populus
559 681 637 750 velit,
654 699 689 738 an
704 680 843 756 populum
856 685 898 748 tu,

117 781 214 838 Servet
227 781 257 837 in
272 783 416 858 ambiguo,
430 783 480 858 qui
491 783 612 840 consulit
625 791 654 840 et
668 781 720 838 tibi
733 780 849 852 utrubi,
903 859 905 864 ,

116 883 245 960 Jupiter:
268 884 392 960 Augusti
406 885 665 962 laudes'agnoscere
677 885 772 960 poffis.

116 987 195 1042 Cum
207 985 310 1061 pateris
321 986 429 1061 sapiens
443 989 665 1062 emendatusque
677 987 770 1044 vocari
774 1032 782 1058 ,

118 1087 319 1162 Respondesne
333 1096 392 1158 tuo,
404 1088 450 1145 dic
463 1089 551 1159 sodes,
566 1090 697 1145 nomine?
719 1090 834 1165 Nempe

115 1191 171 1247 Vir
182 1193 272 1248 bonus
284 1199 313 1246 et
326 1190 448 1265 prudens
461 1191 517 1246 dici
531 1191 653 1249 delenor
666 1211 729 1268 ege,
743 1203 821 1249 actu
834 1213 840 1248 :

117 1293 179 1351 Qui
192 1292 269 1350 dedit
286 1293 344 1350 hoc
356 1293 450 1363 hodie,
463 1312 530 1364 crae,
546 1295 566 1350 sr
580 1294 664 1364 volet,
679 1295 788 1352 auferet
793 1319 801 1366 3
823 1303 864 1365 ut,
879 1296 901 1351 si

116 1395 260 1455 Detulerit
274 1395 362 1452 fasces
374 1395 503 1472 indigne,
517 1397 647 1454 detrahet
659 1396 745 1454 idern.

116 1502 203 1568 Pone,
217 1517 314 1556 meum
326 1499 379 1568 est5
401 1498 509 1574 inquit:
531 1517 616 1575 pono,
631 1499 769 1574 tristisque
782 1499 889 1555 recedo.
907 1553 909 1557 .

117 1603 200 1659 Idem
211 1603 232 1658 sr
245 1601 349 1658 clamet
362 1602 464 1671 furem,
480 1611 566 1678 neget
579 1603 633 1658 effe
646 1603 801 1678 pudicum*

119 1706 283 1762 Contendat
296 1705 397 1779 laqueo
410 1705 516 1761 uallum
529 1705 649 1780 preffrffe
663 1715 822 1782 paternum,

117 1809 253 1865 Mordear
266 1807 420 1882 opprobriis
434 1807 518 1877 falfis,
533 1818 677 1864 mutemve
689 1809 828 1866 colorem?

116 1911 213 1972 Falsus
227 1910 316 1966 honor
325 1908 415 1986 juvat,
429 1919 459 1966 et
471 1911 594 1968 mendax
607 1911 725 1972 infamia
739 1920 833 1981 terret,
910 1908 915 1912 ’

117 2016 225 2082 Quem,
241 2012 292 2068 nifi
306 2013 472 2069 mendosum
483 2024 511 2070 et
523 2015 740 2072 medicandum?
762 2015 815 2072 Vir
829 2017 920 2071 bonus

198 2115 328 2190 estquis?

119 2219 182 2278 Qui
195 2218 322 2274 consulta
335 2227 457 2293 patrum,
473 2218 521 2292 qui
535 2219 610 2294 leges
620 2217 739 2295 juraque
751 2200 853 2289 servat3

120 2325 190 2380 Quo
203 2321 301 2379 multae
314 2339 483 2396 magnaeque
496 2321 625 2378 secantur
634 2320 730 2396 judice
743 2321 820 2390 lites3

119 2429 189 2484 Quo
202 2445 245 2482 res
258 2424 394 2500 sponsore,
409 2433 438 2480 et
451 2442 507 2498 quo
521 2423 609 2481 causae
621 2425 688 2480 teste
701 2431 845 2480 tenentur:

118 2530 173 2586 Sed
186 2527 264 2584 videt
276 2527 353 2582 hunc
366 2525 458 2582 omnis
472 2527 582 2596 domus,
597 2536 626 2582 et
639 2525 742 2583 vicinia
756 2535 825 2596 tota,

117 2629 258 2688 Introrsus
272 2639 392 2704 turpem,
407 2627 561 2704 speciosum
575 2629 649 2704 pelle
663 2630 773 2687 decord.

119 2735 150 2792 N
151 2753 183 2790 ec
198 2733 308 2789 furtum
321 2731 384 2801 feci,
399 2750 451 2788 nec
465 2731 537 2807 fugi,
552 2733 572 2788 fi
586 2732 659 2788 mihi
673 2732 742 2789 dicit

118 2839 232 2907 Servum
255 2837 350 2894 Habes
364 2835 495 2910 pretium,
510 2835 575 2892 loris
589 2855 646 2892 non
659 2835 756 2905 ureris,
776 2833 829 2891 aio.

119 2941 189 3000 Non
202 2938 351 3006 hominem
363 2937 469 2994 occidi:
493 2938 561 2994 Non
574 2937 667 3013 pasces
677 2935 708 2992 in
720 2955 802 2993 cruce
814 2953 918 2993 corvos.

119 3044 190 3100 Sum
203 3045 302 3111 bonus,
316 3051 346 3098 et
358 3040 448 3116 frugi:
472 3039 577 3096 Reuuit
590 3039 758 3116 negitatque
779 3039 917 3098 Sabellus:

120 3147 228 3204 Cautus
242 3144 320 3202 enim
332 3142 437 3210 metuit
448 3143 561 3201 foveam
571 3142 663 3218 lupus,
679 3141 868 3219 accipiterque
