2238 3686
200 249 255 304 114
395 245 775 324 EPISTOLARUM,

410 541 666 600 ssrsronn
704 541 769 599 xv.
1098 515 1101 722 p

374 715 415 753 Ab
442 715 468 754 C.
493 715 670 754 NUMONIUM
695 715 813 754 VALAM.

195 881 277 937 Qum
292 883 325 939 s1t
339 882 429 942 hiems
441 885 541 954 Veliae,
559 887 636 962 quod
649 885 762 954 ooelum,
776 881 859 948 Vela,
873 879 987 947 Salerni,
1098 801 1101 944 i

194 983 327 1042 Quorum
340 985 490 1044 hominum
508 989 595 1065 regio,
614 997 644 1046 et
657 987 747 1062 qualis
760 985 804 1043 via
824 988 905 1061 (nam
919 982 988 1040 mihi

269 1087 350 1145 Baias

191 1187 275 1246 Musa
289 1189 471 1266 supervacuus
483 1195 635 1264 Antonius,
650 1203 679 1251 et
693 1202 789 1251 tamen
801 1191 856 1248 illis

190 1291 243 1347 Me
256 1291 325 1348 facit
338 1293 470 1366 invisum,
485 1297 578 1372 gelidi
591 1315 657 1353 cum
671 1295 783 1371 perluor
794 1294 872 1350 unos

190 1394 242 1450 Per
254 1395 381 1454 medium
394 1397 497 1475 frigus:
520 1399 586 1456 saue
597 1407 720 1454 murteta
732 1393 864 1470 relinqui,

190 1495 331 1574 Ditisque
344 1500 495 1558 certantem
508 1501 599 1558 nervis
611 1500 716 1558 elidere
729 1499 861 1555 morbum

190 1599 329 1675 Sulphura
342 1602 497 1671 contemni,
511 1601 588 1660 vic'us
601 1601 700 1678 gemit,
713 1599 825 1658 invidus
838 1598 929 1674 aegris,

190 1701 252 1758 Qui
262 1713 347 1778 caput
357 1715 386 1760 et
397 1705 572 1762 stomachum
583 1705 737 1780 supponere
745 1700 871 1760 fontibus
882 1701 989 1757 audent

189 1803 319 1874 Clufinis,
333 1805 495 1881 Gabiosque
507 1817 618 1882 petunt,
632 1815 662 1863 et
674 1804 777 1881 frigida
791 1821 863 1860 rura.

188 1907 345 1963 Mutandus
358 1908 436 1964 loeus
448 1908 495 1978 est,
509 1917 538 1965 et
552 1908 701 1969 diversoria
714 1917 782 1964 nota

188 2010 415 2086 Praeteragendus
427 2029 530 2085 equus:
554 2012 622 2068 Quo
635 2010 740 2067 tendis!
763 2027 821 2066 non
839 2007 912 2065 mihi
927 2009 985 2066 Cu·

264 2131 324 2170 mas

187 2215 233 2272 Est
245 2215 306 2284 iter,
321 2225 370 2274 aut
383 2215 472 2286 Baias,
487 2215 557 2274 laevs
570 2216 757 2274 stomachosus
771 2216 882 2274 babenb

185 2317 271 2374 Dicet
287 2337 385 2394 eques:
408 2319 456 2376 sed
468 2319 548 2395 equis
561 2319 679 2377 fraenato
692 2319 732 2376 est
743 2318 815 2376 auris
828 2319 859 2374 in
873 2319 934 2388 ore)

185 2416 280 2493 Major
291 2431 389 2477 utrum
403 2420 541 2496 populum
554 2420 692 2478 frumenti
704 2420 783 2495 copia
797 2419 894 2494 pascat
901 2444 910 2489 5

185 2520 361 2579 Collettosne
374 2522 474 2580 bibant
485 2521 597 2591 imbres,
611 2531 747 2598 puteosne
760 2539 895 2598 peremres

183 2623 266 2700 Jugis
277 2641 370 2700 aquae,
395 2626 475 2698 (nam
487 2624 553 2682 vina
566 2623 638 2682 nihil
651 2643 745 2682 moror
757 2624 832 2682 illius
844 2643 914 2681 orae:

185 2728 260 2784 Rure
272 2745 337 2784 meo
349 2725 458 2802 poffum
472 2727 548 2802 quod
561 2725 603 2783 vis
615 2725 746 2801 perferre,
760 2726 876 2802 patique
883 2750 891 2795 ;

182 2829 231 2886 Ad
244 2847 321 2886 mare
330 2847 396 2886 curn
408 2828 484 2898 veni,
498 2827 664 2904 generosum
676 2837 706 2884 et
718 2828 781 2885 lene
793 2827 921 2903 requiro,
1010 2881 1020 2902 ‚

182 2933 271 2990 Quod
284 2951 363 2990 curas
376 2931 481 3008 abigat,
496 2933 573 3007 quod
585 2949 652 2988 cum
665 2930 713 3007 spe
728 2930 816 2988 divite
830 2941 929 2988 manet

181 3035 217 3092 In
227 3053 311 3092 venas
321 3035 505 3110 animumque
515 3054 627 3106 meum,
643 3036 719 3110 quod
730 3037 813 3094 verbs
827 3034 978 3104 ministret,

182 3136 271 3193 Quod
283 3154 330 3194 me
344 3139 466 3196 Lucanae
479 3135 615 3214 juvenem
627 3137 806 3196 commendet
819 3136 918 3195 amieae
926 3137 950 3212 :J
