2260 3688
214 288 269 348 164
384 287 444 344 na
468 245 590 344 aare
614 283 825 354 POETICA.

211 416 328 486 Verum,
337 414 386 472 ubi
397 414 477 491 plura
490 414 583 472 nitent
595 413 625 470 in
634 413 766 485 carmine,
777 431 836 470 non
845 429 900 489 ego
911 409 1013 487 paucis

211 517 350 576 Offendar
361 517 490 586 maculis,
504 535 573 593 quas
587 525 636 574 aut
648 515 756 574 incuria
768 515 853 586 fudit,

211 623 274 680 Aut
286 620 412 680 humana
424 639 526 697 pamm
537 619 613 677 cavit
625 628 734 678 natura.
775 617 855 676 Quid
868 635 937 695 ergo
950 617 1011 674 est?

211 725 256 783 Ut
269 721 385 800 scriptor
398 723 418 780 fi
431 732 529 798 peceat
542 722 619 780 idem
630 720 759 780 librarius
771 739 869 796 usque,

213 826 353 886 Quamtis
366 826 405 883 est
418 825 551 895 monitus,
564 824 647 882 venii
660 831 748 894 caret5
769 814 803 882 ut
816 822 990 880 citharaedus

213 929 341 998 Ridetur,
356 928 460 985 chorda
474 926 523 1003 qui
537 927 645 1002 semper
658 928 768 984 oberrat
780 924 894 982 eidem:

213 1033 258 1090 sic
270 1032 353 1103 mihi,
367 1031 416 1108 qui
427 1031 553 1089 multum
564 1029 657 1098 cessat,
672 1029 706 1086 fit
717 1028 858 1087 Choerilus
871 1027 930 1096 ille,

213 1137 312 1194 Quem
326 1135 367 1192 bis
381 1143 458 1191 terve
469 1135 578 1191 bonum
589 1151 657 1189 eum
667 1131 724 1189 risu
737 1131 837 1188 miror:
858 1139 888 1188 et
897 1128 978 1188 idem

212 1239 350 1316 Indignor
361 1237 531 1314 quandoque
543 1237 633 1292 bonus
645 1233 780 1292 donnitat
792 1233 934 1291 Homerus
939 1257 948 1304 ς

211 1343 322 1398 Vemm
334 1339 411 1416 operi
423 1339 509 1416 longo
521 1338 564 1395 sas
575 1338 613 1394 est
625 1339 759 1413 obrepere
771 1336 912 1394 somnum.

212 1445 257 1502 Ut
269 1443 387 1520 pictura,
401 1442 502 1518 poefis:
524 1441 578 1498 erit
589 1460 661 1516 quae,
673 1440 694 1499 s1
706 1439 820 1516 propius
833 1440 893 1508 stes,

212 1548 256 1608 Te
268 1545 360 1623 capiet
373 1544 477 1622 magis;
499 1553 528 1602 et
540 1545 682 1620 quaedam,
696 1544 716 1600 fi
729 1543 841 1621 longius
854 1542 956 1600 abstes:

213 1651 285 1708 Haec
299 1659 376 1708 amat
388 1648 547 1718 obscurum,
560 1646 636 1704 volet
648 1645 709 1703 haec
722 1645 773 1703 sub
784 1645 848 1702 luce
859 1643 958 1715 videri,

212 1752 321 1832 Judicis
334 1761 469 1828 argutum
479 1769 543 1826 quae
554 1768 612 1834 non
625 1748 759 1806 formidat
771 1765 905 1806 acumen:

214 1858 286 1916 Hac
299 1853 406 1931 placuit
417 1853 512 1923 semel,
526 1853 587 1909 haec
600 1850 692 1910 decies
702 1851 821 1927 repetita
833 1849 966 1926 placebit.

214 1960 242 2018 O
256 1956 345 2034 major
353 1955 500 2032 juvenum,
515 1954 642 2030 quamvis
655 1963 684 2012 et
696 1973 765 2012 voce
777 1955 895 2030 patema

214 2059 341 2139 Fingens
355 2061 390 2118 ad
403 2059 511 2118 rectum
524 2066 552 2116 et
565 2077 615 2134 per
627 2067 656 2114 te
669 2057 749 2134 sapis,
768 2057 823 2115 hoc
836 2056 889 2114 tibi
902 2055 1011 2114 dietum

213 2165 296 2223 Tolle
309 2181 432 2234 memor3
455 2160 537 2218 certis
549 2159 677 2217 medium
689 2169 718 2216 et
731 2157 877 2218 tolerabile
890 2161 974 2217 rebus

216 2268 302 2326 Recte
315 2264 444 2323 concedi:
466 2263 609 2320 consultus
615 2261 687 2339 juris
699 2271 729 2321 et
742 2263 819 2320 attor

215 2369 371 2429 Causarum
385 2365 533 2424 mediocris
545 2366 621 2423 abest
633 2365 738 2424 virtute
751 2365 846 2423 diserti

215 2471 352 2542 Messalae,
366 2487 418 2528 nec
431 2468 483 2526 scit
495 2477 635 2544 quantum
647 2468 799 2526 Cascellius
811 2468 920 2538 Aulus;

216 2577 270 2636 Sed
282 2583 378 2655 tamen
392 2572 422 2630 in
433 2571 523 2649 pretio
536 2571 588 2629 est:
611 2571 798 2631 mediocribus
810 2573 865 2632 esse
877 2571 969 2649 po'e'tir

215 2680 285 2738 Non
298 2677 435 2746 homines,
449 2695 507 2733 non
518 2677 556 2748 dl,
571 2695 628 2734 non
641 2677 795 2736 concessere
805 2677 954 2736 columnae.

215 2784 259 2842 Ut
273 2789 365 2858 gratas
377 2779 452 2836 inter
463 2779 573 2837 mensas
586 2779 753 2856 symphonia
764 2779 867 2838 discors

215 2887 254 2944 Et
265 2873 384 2942 crassum
396 2890 576 2959 unguentum
585 2891 615 2940 et
625 2882 711 2940 Sardo
721 2883 880 2941 cummelle
893 2901 1012 2960 papaver

216 2987 386 3058 Offendunt,
400 2992 510 3062 poterat
520 2983 586 3041 duci
598 2984 666 3060 quia
678 3004 759 3043 coena
772 2986 830 3044 fine
842 2985 913 3058 istis;

217 3089 263 3178 Sic
276 3087 377 3148 animis
387 3096 486 3146 natum
497 3087 702 3163 inventumque
713 3089 814 3164 poema
822 3087 965 3174 juvandis,

218 3191 247 3251 si
259 3191 378 3272 paulum
390 3211 407 3251 a
420 3189 530 3250 summo
542 3188 664 3262 decessit,
676 3190 768 3268 vergit
780 3190 816 3249 ad
827 3191 932 3249 imum.
