2242 3680
402 239 495 296 urs.
525 239 564 296 11.
605 257 631 293 v.
872 235 912 307 69

5 399 6 406 κ
110 361 147 418 Et
162 381 261 438 genus,
276 374 306 421 et
320 365 416 436 virtus,
437 366 487 424 nis1
501 385 567 422 cum
580 384 618 436 re,
633 362 715 420 vilior
728 362 791 439 algd
805 363 852 420 est.

108 465 238 522 Quando
251 468 423 543 pauperiem,
445 467 531 524 mi'ffis
545 465 720 543 ambagibus,
735 465 838 536 horres,

108 566 228 642 Accipe,
243 569 298 643 qud
312 567 420 626 ratione
432 589 518 645 queas
531 569 672 627 ditescere.
712 569 834 638 Turdus,

108 667 174 724 Sive
184 663 264 726 'aliud
278 671 391 746 privum
404 672 517 728 dabitur
531 671 593 741 tibi,
608 669 719 728 devolet
732 670 800 726 illuc

108 771 165 826 Res
178 771 228 828 ubi
241 791 345 848 magna
359 773 440 844 nitet,
457 773 573 830 domino
587 773 665 830 sene:
688 772 781 829 dulcia
794 792 887 847 poma,
909 785 911 790 '
959 846 962 852 ¹

107 873 146 929 Et
159 891 343 949 quoscunque
356 876 429 933 seret
440 877 531 933 cultus
546 875 599 932 tibi
611 875 716 932 fundus
729 875 857 947 honores,

104 976 188 1032 Ante
201 977 303 1034 Larem
315 979 406 1054 gustet
419 977 604 1035 venerabilior
617 979 688 1036 Lare
702 977 794 1034 dives:

106 1078 169 1134 Qui
183 1071 313 1153 quamvis
323 1078 449 1155 perjurus
462 1079 524 1150 erit,
542 1080 599 1137 fine
613 1089 719 1150 mente,
734 1088 867 1138 cruentus

103 1180 249 1256 Sanguine
262 1181 396 1252 fraterno,
408 1181 562 1258 fugitivus,
585 1201 621 1238 ne
634 1191 729 1239 tamen
743 1182 787 1240 illi

100 1283 151 1338 Tu
163 1301 257 1340 comes
270 1284 399 1354 exterior,
415 1285 435 1340 s1
448 1284 577 1359 postulet,
591 1288 631 1341 ire
644 1285 761 1342 recuses.

102 1385 184 1442 Utne
197 1395 293 1462 tegam
305 1386 404 1462 spurco
415 1387 516 1443 Damae
526 1386 616 1443 latus?
638 1387 715 1443 haud
727 1386 873 1445 ita-Troiae

101 1487 155 1544 Me
169 1488 247 1563 geffi,
262 1498 370 1545 certans
384 1489 492 1564 semper
504 1487 676 1545 melioribus.
717 1489 793 1564 Ergo

5 1639 6 1646 ,
101 1592 211 1666 Pauper
223 1589 286 1647 eris.
310 1591 424 1648 Fortem
437 1591 491 1647 hoc
505 1590 634 1648 animum
647 1589 767 1647 tolerare
776 1589 899 1666 jubebo;

100 1694 138 1749 Et
150 1694 294 1768 quondam
308 1691 414 1768 majora
427 1692 488 1749 tuli.
528 1693 576 1748 Tu
589 1690 727 1767 protinus,
741 1695 826 1751 unde
907 1723 909 1730 ·

100 1795 223 1852 Divitias
237 1795 354 1870 aerisque
365 1814 454 1864 ruam,
469 1793 525 1863 dic,
535 1795 648 1870 Augur,
662 1813 782 1852 acervos.

98 1896 170 1954 Dixi
183 1897 325 1972 equidem,
340 1907 368 1953 et
383 1897 454 1954 dico.
495 1897 600 1972 Captes
614 1897 718 1954 astutus
732 1898 841 1973 ubique

96 2001 278 2058 Testamenta
292 2001 404 2056 senum:
427 2018 492 2068 neu,
508 2001 528 2056 s1
542 2000 621 2056 vafer
633 2019 707 2058 unus
723 2011 752 2058 et
766 2003 836 2059 alter

97 2103 294 2162 insidiatorem
307 2102 426 2178 praeroso
440 2101 546 2177 fugerit
559 2102 654 2172 hamo,

95 2208 159 2263 Aut
172 2207 251 2282 spem
264 2206 394 2280 deponas,
410 2213 460 2262 aut
473 2213 562 2261 artem
573 2205 670 2262 illutus
681 2207 805 2265 omittas.

95 2309 206 2385 Magna
220 2307 347 2366 minorve
362 2308 423 2364 soro
438 2307 457 2363 li
469 2325 511 2363 res
525 2307 679 2365 certabitur
691 2309 770 2381 olim,
861 2351 874 2360 .-
902 2344 908 2358 ·

93 2411 181 2468 Vivet
192 2409 258 2466 uter
271 2409 395 2484 locuples
407 2410 464 2466 sme
475 2409 577 2485 gnatis,
591 2409 745 2485 improbus,
759 2413 836 2470 ultro

95 2513 156 2571 Qui
169 2511 317 2570 meliorem
331 2513 423 2569 audax
436 2521 517 2594 vocet
531 2511 562 2568 in
571 2511 635 2587 jus3
659 2513 734 2571 illius
747 2517 803 2573 esto

92 2615 246 2676 Defensor:
270 2615 346 2671 samri
360 2615 451 2672 civem
465 2615 603 2690 causaque
615 2616 738 2692 priorem
771 2641 774 2648 ·
877 2663 880 2672 .

91 2720 207 2794 Sperne,
221 2718 299 2775 domi
313 2718 332 2774 si
347 2712 449 2794 gnatus
463 2717 517 2774 erit
530 2718 686 2777 fecundave
700 2721 813 2798 conjux.
897 2749 899 2754 ·

92 2822 213 2892 Quinte,
222 2830 301 2897 puta,
311 2829 360 2878 aut
369 2819 450 2877 Publi
461 2821 599 2896 (gaudent
607 2825 781 2897 praenomine
792 2827 891 2884 molles

90 2925 251 2997 Auriculae)
267 2923 319 2980 tibi
333 2942 379 2980 me
392 2923 481 2979 virtus
494 2932 543 2980 tua
556 2924 625 2980 secit
639 2925 778 2984 amicum:

88 3031 139 3105 Jus
151 3045 257 3103 auceps
271 3025 346 3097 novi,
360 3025 455 3084 causas
468 3026 618 3084 defendere
630 3027 739 3104 possum
746 3055 753 3100 3

89 3131 198 3207 Eripiet
211 3129 302 3207 quivis
316 3129 410 3189 oculos
423 3128 506 3186 citius
519 3128 601 3202 mihi,
616 3149 703 3205 quam
716 3139 745 3189 te
