2242 3680
212 243 252 302 es
395 201 399 207 ⁴
451 247 762 318 senno-uun,

213 368 325 428 Vilibus
338 370 368 428 in
380 372 477 451 scopis,
490 374 522 431 in
534 375 651 452 mappis,
665 375 696 432 in
709 375 798 443 scobe,
814 377 938 447 quantus

212 473 345 531 Consistit
357 475 485 534 sumtus?
507 478 649 553 neglcstis
663 476 806 553 flagitium
819 475 932 551 ingensu

211 578 281 635 Ten*
295 578 400 654 lapides
412 580 503 638 varios
515 581 656 638 lutulenta
669 581 764 638 radere
776 575 881 654 palma,

211 681 249 738 Et
262 681 362 757 Tyrias
375 683 441 740 dare
454 683 562 740 circum
574 683 653 742 illota
665 681 764 740 toralia
777 681 881 738 vestes?

210 783 352 855 Oblitum,
370 795 477 860 quanto
491 804 588 842 curam
601 785 783 859 sumtumque
795 781 937 839 minorem

210 886 282 944 Haec
295 887 427 956 habeant,
441 897 521 945 tanto
534 887 663 962 reprendi
672 877 849 962 justius'illis,

210 990 286 1046 Quae
300 989 351 1046 nisi
365 988 498 1046 divitibus
511 999 653 1065 nequeant
665 989 829 1064 contingere
841 985 954 1044 mensis¹

208 1091 300 1148 Doste
314 1091 388 1161 Cati,
402 1111 451 1168 per
464 1091 619 1150 amicitiam
630 1091 763 1167 divosque
775 1099 898 1166 rogatus,
1010 1128 1014 1135 -

208 1193 320 1250 Ducere
336 1212 383 1250 me
395 1193 534 1263 auditum,
544 1213 642 1270 perges
656 1212 834 1269 quocunque,
850 1200 1016 1249 mement0.·

208 1296 296 1365 Nam,
310 1295 437 1370 quamvis
450 1297 569 1354 memori
578 1297 680 1353 referas
688 1295 760 1354 mihi
771 1296 883 1372 pestere
893 1295 1003 1363 euntia,

207 1399 277 1456 Non
291 1407 386 1456 tamen
399 1398 534 1474 interpres
548 1399 717 1456 tantundem
726 1396 844 1475 juveris:
867 1397 940 1455 adde

206 1501 329 1558 Vultum
351 1501 538 1575 habitumque
560 1500 698 1571 hominis3
728 1519 814 1576 quem
838 1510 879 1571 tu,
907 1497 1007 1558 vidisse

283 1605 391 1672 beatus,

205 1704 275 1761 Non
289 1705 386 1779 magni
399 1704 507 1779 pendis,
521 1706 587 1780 quia
601 1705 738 1783 contigit:
758 1708 788 1762 'at
800 1705 873 1763 mihi
887 1723 958 1762 cura

204 1807 275 1864 Non
287 1805 436 1864 mediocris
448 1806 526 1876 inest,
540 1809 634 1866 sontes
646 1819 679 1866 ut
693 1808 769 1866 adire
781 1817 913 1879 remotos,

205 1909 302 1983 Atque
314 1907 426 1966 inurire
439 1927 542 1984 queam
554 1909 620 1966 vitae
633 1921 771 1986 praecepta
784 1913 886 1969 beataee

462 2243 669 2300 SATIRA
708 2245 747 2300 V,

202 2420 274 2476 Hoc
288 2437 409 2493 quoquc,
424 2419 539 2489 Tiresia,
553 2431 654 2496 praeter
668 2431 778 2490 narrata
791 2423 901 2499 petenti

201 2513 363 2598 Responde:
385 2523 486 2596 quibus
500 2524 608 2582 amissas
621 2545 748 2602 reparare
759 2546 862 2603 queam
875 2547 918 2584 res

200 2624 319 2682 Artibus
332 2634 417 2699 atque
429 2627 529 2683 modis.
565 2627 646 2685 Quid
659 2629 747 2686 rides?
769 2630 881 2706 Jamne,
892 2629 1001 2702 dolose5

199 2729 231 2786 N
232 2747 270 2784 on
283 2726 348 2786 satis
361 2727 401 2784 est
413 2727 542 2786 Ithacam
554 2730 659 2800 revehi,
676 2731 835 2807 patriosque
848 2742 965 2809 penates

198 2830 349 2906 Aspicere?
370 2828 398 2886 Ο
412 2829 483 2886 nulli
498 2831 654 2908 quidquam
665 2834 793 2904 mentite,
807 2834 884 2892 vides
897 2845 932 2892 ut

197 2932 301 2990 Nudus
320 2931 456 3008 inopsque
477 2933 597 2992 domurn
614 2937 735 3008 redeam,
757 2945 786 2994 te
803 2947 867 2994 vate
873 2962 881 3007 3
904 2957 1000 3014 neque
1096 2929 1097 3003 i

276 3034 335 3092 nnc
1093 3023 1096 3136 j

199 3135 260 3191 Aut
272 3135 408 3210 apotheca
420 3137 511 3212 procis
524 3138 630 3196 inradia
642 3141 689 3211 est,
704 3149 753 3198 aut
766 3159 865 3217 pecus:
886 3142 972 3218 atqui
