2242 3680
174 207 194 267 6
429 209 743 280 SERMONUM,

440 619 635 678 SATIRA
671 617 713 676 Il.

173 857 418 918 Anauamnnun
430 861 558 938 collegia,
578 858 813 937 pharmacopolae,

171 959 310 1030 Mendici,
325 962 431 1033 mimae,
446 964 613 1034 balatrones,
628 963 683 1019 hoc
695 979 784 1038 genus
796 979 882 1017 omne

172 1061 318 1131 Moestum,
333 1083 366 1122 ac
378 1064 521 1122 solicitum
533 1067 582 1136 est,
596 1063 717 1122 cantoris
730 1069 822 1120 morte
835 1061 940 1138 Tigelli
947 1085 957 1131 3

174 1164 291 1241 Quippe
304 1165 444 1243 benignus
457 1177 530 1226 erat:
547 1179 644 1226 contra
655 1167 712 1236 hic,
726 1185 763 1223 ne
775 1165 910 1241 prodigus
921 1164 978 1222 effe

172 1267 303 1337 Dicatur,
318 1279 455 1340 metuens,
468 1270 547 1346 inopi
561 1271 627 1328 dare
638 1269 711 1336 nolit
723 1268 825 1338 amico,

173 1369 274 1446 Frigus
287 1391 345 1446 quo
358 1373 515 1448 duramque
528 1373 635 1429 famem
645 1369 802 1446 propellere
814 1369 907 1444 pouit.

172 1473 262 1530 Hunc
275 1475 295 1530 fi
308 1476 488 1550 perconteris,
510 1475 554 1534 avi
568 1493 619 1532 cur
631 1485 717 1549 atque
729 1473 853 1548 parentis

173 1576 339 1632 Praeclaram
352 1577 463 1653 ingrata
476 1578 593 1653 stringat
606 1576 697 1634 malus
708 1574 837 1651 ingluvie
850 1593 921 1646 rem,

175 1677 281 1733 Omnia
294 1678 438 1735 condudtis
450 1698 581 1736 coemens
593 1677 708 1735 obsonia
721 1676 858 1747 nummis;
901 1669 903 1678 ¹

175 1779 307 1836 Sordidus
321 1789 407 1854 atque
420 1779 508 1837 animi
522 1781 599 1855 quod
611 1777 690 1855 parvi
703 1777 775 1836 nolit
788 1778 895 1848 haberi,

175 1880 346 1956 Respondet.
380 1882 526 1957 Laudatur
538 1883 574 1938 ab
587 1881 640 1951 his,
661 1882 792 1956 culpatur
805 1882 841 1938 ab
852 1879 927 1937 illis:

175 1960 302 2040 Fufidius
315 2002 411 2060 vappae
422 1984 530 2040 famam
543 1983 627 2040 timet
640 2001 672 2040 ac
686 1982 843 2052 nebulonis,

175 2083 263 2141 Dives
277 2083 359 2160 agris,
381 2084 458 2142 dives
469 2083 564 2160 politis
576 2085 607 2140 in
618 2085 727 2142 foenore
739 2083 874 2141 nummis

177 2185 288 2243 Quinas
302 2186 349 2243 hic
361 2186 447 2261 capiti
460 2187 602 2244 mercedes
615 2186 739 2256 exsecat3
761 2195 855 2262 atque,

177 2289 297 2345 Quanto
309 2287 446 2363 perditior
458 2288 576 2363 quisque
586 2287 634 2358 est,
647 2296 728 2344 tanto
740 2287 829 2344 acrius
839 2296 958 2365 urguet;

176 2391 209 2448 N
210 2390 306 2448 omina
319 2390 448 2460 sectatur,
468 2391 554 2448 modo
567 2389 659 2446 sumtd
671 2388 746 2446 veste
759 2387 842 2460 virili,

178 2495 236 2550 Sub
248 2491 374 2568 patribus
387 2491 472 2562 duris,
487 2492 621 2548 tironrun.
661 2489 800 2560 Maxime,
815 2491 878 2567 quis
892 2509 960 2562 non,

177 2595 297 2672 Jupiter,
311 2594 461 2663 exclamat,
475 2593 557 2650 srmul
570 2601 656 2668 atque
668 2592 792 2650 audivit?
816 2595 857 2650 At
868 2593 899 2650 in
912 2594 942 2651 se

177 2701 231 2758 Pro
244 2697 350 2773 quaestu
364 2696 490 2753 sumtum
502 2696 579 2753 facit.
605 2695 663 2752 Hic
678 2695 725 2754 vix
735 2698 847 2754 credere
858 2698 942 2772 poffis

180 2802 279 2860 Quam
289 2798 340 2856 fibi
351 2817 408 2855 non
419 2798 453 2854 fit
463 2797 584 2855 amicus:
606 2796 647 2854 ita
661 2806 693 2854 ut
703 2807 784 2873 pater
793 2797 851 2868 ille,
862 2799 981 2857 Terenti

178 2902 285 2959 Fabula
300 2919 386 2976 quem
400 2898 534 2956 miserum
547 2907 615 2956 nato
627 2898 725 2956 vixisse
735 2899 836 2976 fugato

179 3001 304 3072 Inducit,
324 3021 382 3058 non
395 3001 423 3058 se
435 2999 513 3078 pejus
526 3000 692 3058 cruciaverit
707 3009 793 3077 atque
805 3001 861 3058 hic.
911 3021 917 3030 ·

179 3104 280 3180 Siquis
288 3121 365 3162 nunc
374 3113 489 3180 quaerat,
505 3103 697 3162 Quoreshaec
706 3103 845 3180 pertinet?
867 3103 940 3167 Illuc
945 3131 957 3178 ς
