2238 3686
389 230 435 278 IN
467 229 714 278 HORATIUM.

377 449 412 486 IN
434 447 537 486 ARTEM
558 447 726 488 POETICAM.

181 584 234 634 Ver.
248 601 270 650 5.
291 602 312 647 p.
324 597 375 647 151.
410 582 445 633 Ita
456 587 558 647 distingui
568 596 664 649 oportere
675 581 733 631 redii
742 583 856 630 admonuit
867 561 950 630 Maric-

152 673 238 736 Landus.

182 766 236 811 Ver.
247 763 284 810 60.
303 779 324 826 p.
336 777 388 826 153.
417 767 467 812 ‘Ut
484 765 543 812 srlvae
552 763 743 812 soliis.’-Locum
755 759 817 826 plani:
827 763 951 809 conclama-

147 863 210 910 tum,
226 863 248 898 et
263 869 332 914 neque
342 859 366 899 vi
382 869 450 916 neque
459 852 536 916 peritii
551 855 578 900 ad
595 855 653 900 sanas
670 851 753 898 dicendi
769 852 825 910 leges
841 861 863 896 et
874 865 949 896 veram

150 941 339 988 constructionem
353 941 507 1002 redigendum,
524 939 581 988 reete
591 941 701 999 constitui,
718 936 744 986 ni
762 939 834 998 fallor,
850 941 952 986 emenda-

154 1033 216 1078 tione
226 1031 293 1090 sacili,
308 1042 330 1078 et
341 1033 365 1078 in
375 1031 473 1079 maxime
491 1031 641 1094 probabilibus.
675 1032 735 1078 Ordo
749 1031 791 1076 est:
810 1032 869 1077 “Ut
880 1029 952 1092 prima

151 1124 170 1151 “
183 1125 191 1150 ‘
202 1119 267 1166 solia’
279 1121 347 1177 sdvae,
355 1121 462 1168 mutantis
473 1119 530 1166 soliis
541 1121 564 1166 in
576 1135 654 1182 pronos
664 1137 739 1178 annos,
755 1119 834 1166 cadunt
841 1139 848 1175 ς
867 1117 949 1165 itt-d*

152 1209 243 1266 Noster,
260 1210 303 1256 Sat.
315 1209 339 1256 ii.
356 1223 378 1268 7.
396 1209 435 1271 63.

250 1327 501 1346 ..........
519 1296 673 1344 illatamdnse

189 1377 191 1380 ⁸
251 1383 305 1433 Non
318 1387 413 1432 ‘habitu
431 1397 533 1433 mutatve
543 1387 599 1434 loo.’

153 1474 213 1520 Piin.
235 1485 279 1521 nat.
301 1475 351 1522 hist.
370 1476 455 1522 xxxvii.
476 1489 512 1534 17.
544 1477 620 1522 Donec
637 1477 767 1520 ‘mutavere
793 1474 873 1519 oculis’
889 1489 952 1533 gem-

154 1562 323 1621 mas.-Porrd,
350 1564 376 1610 de
396 1567 491 1610 ‘neutro
508 1565 567 1610 'usu
587 1564 648 1610 verbi
670 1563 769 1620 ‘muto,'
796 1563 904 1610 adeundus
921 1563 951 1614 est

152 1652 354 1710 Drakenborchius,
371 1653 397 1698 ad
408 1647 459 1698 Liv.
476 1652 509 1698 iii.
529 1665 568 1698 10.
600 1652 719 1699 Venustior
733 1650 815 1697 scilicdt
825 1651 954 1697 vociocoior

154 1739 230 1786 mimis
240 1741 321 1800 sagaces
331 1741 406 1787 oculoe'
414 1741 531 1786 scribarum
543 1740 628 1786 videtur
638 1738 739 1786 fefellisse.

187 1830 241 1876 Ver.
254 1828 294 1890 65.
321 1833 328 1859 ‘
338 1831 404 1890 Regis
414 1831 580 1892 opus.'-Cum
592 1829 651 1876 nefas
661 1829 688 1876 srt
697 1829 796 1892 suspicari
806 1829 900 1889 vulgatae
909 1829 954 1876 lec·
984 1888 988 1894 ᾖ

154 1917 220 1962 tionis
232 1917 310 1974 sordes,
326 1933 375 1979 quae
390 1927 437 1964 tam
456 1918 492 1965 did
510 1914 588 1964 Flacco
604 1918 746 1976 adhaeserunt,
762 1917 789 1963 ab
805 1917 869 1980 ipsius
885 1903 954 1964 manu

154 2003 235 2051 chartis
251 2005 297 2068 ejus
317 2005 397 2063 illitas3
416 2007 439 2053 in
449 2017 536 2054 textum
554 2006 630 2053 admisi
645 2006 803 2067 conjesturam,
819 2006 953 2052 verisimilli-

155 2111 218 2142 mam
235 2095 262 2141 ob
271 2091 382 2158 scripturae
399 2096 553 2158 compendium
563 2113 569 2142 :
588 2111 631 2156 quo
641 2110 737 2141 errorem
747 2093 860 2153 inserente,
878 2106 904 2141 ut
914 2111 953 2162 exj

155 2185 223 2246 pleret
234 2185 331 2242 versum,
347 2184 434 2231 intrusit
453 2184 520 2230 scriba
535 2199 611 2230 vocem
628 2183 719 2230 otiosam
730 2195 753 2232 et
769 2175 865 2246 ineptam
881 2188 889 2214 ‘
897 2183 953 2232 diu:

155 2273 226 2320 Video
235 2283 257 2320 et
268 2274 452 2334 Cuninghamum
463 2271 522 2334 pride
532 2273 625 2320 incidisse
636 2247 660 2318 iri
670 2273 725 2319 hanc
735 2274 920 2322 emendationem.

186 2363 242 2408 Ver.
255 2361 293 2424 69.
319 2362 417 2423 Hujusce
427 2361 526 2408 versiculi
537 2361 720 2408 constructionem
731 2361 810 2424 panim
821 2364 953 2426 perspestam

155 2453 278 2499 habuerunt
293 2451 392 2510 editores,
412 2467 462 2513 quae
478 2467 504 2497 ex
516 2447 587 2498 nostri
598 2451 735 2498 distindtione
752 2453 826 2499 statim
843 2455 953 2503 elucescet.

156 2541 219 2587 Ordo
228 2541 275 2587 est:
289 2545 308 2571 ‘⁶
319 2538 410 2587 Nedum
421 2540 488 2587 bonos
498 2550 520 2586 et
527 2541 596 2599 gratia
606 2541 731 2588 sermonum
742 2542 782 2588 siet
793 2544 857 2589 vivax
865 2543 889 2590 :''
906 2545 921 2591 i.
933 2559 951 2592 α

157 2639 253 2686 maneat,
269 2629 395 2690 floreatque.

187 2720 241 2766 Ver.
253 2731 292 2776 72.
327 2719 419 2784 ‘Qem
430 2718 625 2779 penee’-Nostro
633 2728 708 2780 poetae
724 2717 773 2766 sane
783 2721 905 2781 permirum
916 2738 954 2770 ac-

156 2807 209 2854 cidit
219 2808 331 2854 neminem
341 2807 452 2853 editorum
460 2806 632 2854 animadvertisse
641 2807 785 2864 locutionem,
796 2822 863 2870 quam
874 2811 954 2872 respuit

154 2897 236 2956 linguae
245 2897 330 2943 Latinae
341 2896 406 2942 ratio.
435 2897 490 2964 Quis
500 2896 560 2943 enim
571 2905 610 2942 aut
619 2893 719 2958 unquaim
730 2895 757 2942 sic
768 2897 853 2944 locutus
863 2900 903 2955 est,
915 2904 954 2947 aut

156 2985 216 3047 ioqui
227 2985 306 3048 potuit,
326 2990 345 3016 “
356 2987 430 3052 Qvem
441 3000 505 3046 penes
521 2983 637 3030 arbitrium
653 2983 689 3045 jus
705 2985 807 3046 loquendi
817 2987 880 3034 est?”
908 2989 953 3036 Ni-

156 3074 230 3122 mium
242 3075 324 3120 vellem
340 3074 392 3121 boni
402 3073 445 3121 viri
461 3073 523 3120 nobis
538 3073 666 3134 expediffent
681 3073 766 3120 sensum
777 3085 800 3121 et
809 3077 953 3124 constructio

157 3177 209 3211 uem
219 3162 308 3224 hujusce
318 3163 420 3211 orationis
430 3163 435 3210 1
454 3164 489 3210 At
500 3163 588 3211 inanem
598 3177 686 3226 operam
697 3161 772 3226 procdl
781 3163 846 3212 dubio
854 3167 966 3231 insump-¹¹
