2238 3686
203 223 258 282 116
412 221 782 295 EPISTOLARUM,

407 514 670 572 EPISTOLA
709 517 790 574 XVI.

474 691 516 728 AD
537 691 732 731 QUINCTIUM.

201 857 252 917 Nn
264 859 444 933 perconteris,
459 859 564 918 fundus
578 879 667 928 meus,
680 859 788 934 optime
802 859 932 928 Quinffl,

201 964 281 1020 Arvo
293 962 388 1038 pascat
401 963 512 1032 herum,
527 984 563 1022 an
576 965 669 1022 baccis
682 965 829 1039 opulentet
842 964 934 1033 olive,

201 1065 340 1136 Pomisne,
355 1066 500 1141 suprestis,
516 1085 551 1124 an
566 1066 669 1124 amieta
682 1066 787 1122 vitibus
798 1067 880 1123 ulmo
885 1091 894 1136 5

201 1167 345 1226 Scribetur
357 1168 411 1224 tibi
425 1168 516 1226 forma
530 1169 695 1245 loquaciter,
708 1178 737 1226 et
751 1170 819 1226 fitur
829 1169 902 1244 agri.

201 1270 340 1328 Continui
351 1280 470 1340 montes,
485 1271 538 1329 nifi
550 1272 730 1332 dissocientur
742 1271 832 1346 opaca

200 1374 283 1430 Valle
290 1397 298 1442 ;
320 1373 368 1430 sed
380 1383 414 1430 ut
424 1373 538 1432 veniens
549 1374 683 1432 dextrum
695 1375 768 1430 latus
782 1372 901 1448 aspiciat
913 1375 968 1444 sol‚'

201 1477 321 1534 Laevum
334 1477 471 1534 decedens
483 1495 567 1534 curru
579 1476 709 1552 fugiente
721 1485 845 1550 vaporet.

200 1578 382 1654 Temperiem
394 1579 499 1637 laudes.
534 1579 624 1650 Quid,
642 1579 662 1634 fi
676 1578 833 1656 rubicunda
845 1577 965 1654 benigni

201 1682 296 1738 Coma
308 1699 405 1756 vepres
417 1690 446 1738 et
459 1699 549 1757 pruna
562 1681 674 1738 ferunt?
700 1680 720 1738 fi
734 1699 853 1756 quercus
863 1689 893 1736 et
905 1680 964 1738 ilex

202 1783 299 1841 Multa
312 1783 395 1858 fruge
407 1802 500 1859 pecus,
522 1783 614 1840 multi
627 1782 777 1840 dominum
785 1781 868 1858 juvat
880 1781 1000 1840 umbra?

201 1885 286 1942 Dicas
301 1885 455 1942 adductum
467 1884 581 1960 propius
594 1885 725 1942 frondere
737 1886 904 1945 Tarentum.

170 2025 173 2032 .
201 1988 274 2044 Fons
288 1987 375 2044 etiam
389 1987 448 2044 rivo
462 1988 528 2044 dare
541 2005 645 2044 nomen
658 1987 784 2072 idoneus,
798 1997 832 2044 ut
845 2005 899 2044 neo

202 2090 340 2166 Frigidior
352 2089 504 2159 Thracam,
518 2109 570 2146 nec
581 2089 685 2164 purior,
699 2089 807 2148 ambiat
820 2091 935 2148 Hebrus
940 2116 949 2160 5

200 2192 320 2250 Infirmo
332 2190 419 2267 capiti
431 2191 495 2248 fluit
509 2191 595 2261 utilis,
610 2191 687 2248 utilis
700 2192 778 2248 alvo:

201 2295 257 2351 Hae
270 2295 384 2352 latebrae
397 2293 501 2363 dulces,
516 2303 555 2363 et,
564 2292 624 2370 jam
639 2294 660 2355 s1
673 2295 771 2365 credis,
784 2315 914 2365 arnoenae,

201 2395 379 2456 incolumem
393 2396 445 2454 tibi
458 2415 506 2454 me
515 2397 646 2472 praestant
658 2397 868 2472 Septembribus
881 2399 965 2458 horis

200 2500 248 2556 Tu
260 2500 334 2556 reste
344 2499 424 2569 vivis,
437 2500 458 2556 fi
471 2517 549 2556 curas
563 2499 617 2556 effe
630 2501 707 2574 quod
721 2500 813 2558 audis:

201 2602 344 2679 Jadiamus
354 2599 525 2676 jampridem
539 2601 630 2658 omnis
645 2612 673 2660 te
687 2603 777 2660 Roma
790 2605 920 2663 beatum:

201 2705 256 2762 Sed
269 2723 373 2774 vercor,
387 2722 423 2760 ne
436 2703 483 2760 cui
496 2705 532 2760 de
545 2713 574 2760 te
585 2703 648 2778 plus
661 2724 749 2780 quam
762 2705 815 2764 tibi
827 2708 933 2780 credas,

202 2809 284 2864 Neve
296 2815 384 2882 putes¹
392 2804 481 2862 alium
494 2805 618 2880 sapiente
630 2808 762 2882 bonoque
775 2810 891 2866 beatum
896 2833 905 2880 ς

201 2909 278 2979 Neu,
293 2909 354 2966 fite
366 2907 486 2984 populus
499 2907 599 2964 sanum
611 2910 741 2984 recteque
755 2911 898 2968 valentem

202 3010 331 3081 Diciitet,
345 3010 487 3068 occultam
500 3009 609 3068 febrem
621 3011 673 3068 sub
687 3021 797 3088 tempus
810 3014 914 3072 edendi

202 3111 374 3183 Diffimsues
388 3113 479 3170 donec
491 3111 623 3170 manibus
636 3122 742 3172 tremor
753 3114 861 3172 incidat
874 3116 974 3174 unitis.
