2242 3680
400 219 534 280 'LIB.
560 219 584 278 I.
624 219 644 278 i.
919 219 936 276 3

137 345 180 404 At
192 346 223 404 ni
233 346 264 404 id
273 347 315 417 fit,
324 347 394 422 quid
403 348 490 406 habet
501 347 614 424 pulchri
624 345 795 404 construens
807 347 937 402 acervus?

136 448 232 506 Millia
244 449 382 506 frumenti
393 459 442 506 tua
456 449 564 506 triverit
577 468 639 506 area
654 456 778 516 centum,

137 551 207 608 Non
222 563 287 608 tuus
300 551 354 608 hoo
369 552 463 627 capiet
475 561 575 608 venter
586 551 648 626 plus
662 569 694 608 uc
707 568 796 606 meus:
823 559 853 606 ut
866 550 887 606 fi

140 652 303 710 Reticulum
314 653 396 730 panis
408 654 520 712 venales
532 653 607 710 inter
617 654 715 710 onusto

139 755 222 812 Forte
234 755 319 812 vehas
332 755 461 825 humero,
482 755 573 812 nihilo
585 755 647 831 plus
660 754 778 830 accipias
788 771 873 828 quam

141 858 201 914 Qui
215 857 256 914 nil
268 857 396 934 portarit.
436 858 491 915 Vel
502 857 556 927 dic,
577 857 646 932 quid
660 857 761 914 referat
774 855 849 913 intra

138 960 257 1018 Naturae
270 960 341 1018 finos
354 959 470 1030 viventi,
487 957 586 1036 jugera
600 967 724 1030 centurn,
745 977 782 1016 an

138 1063 231 1133 Mille,
254 1065 330 1120 uret?
351 1064 394 1120 At
405 1062 488 1120 suave
500 1063 539 1118 est
551 1081 588 1119 ex
600 1081 706 1138 magno
719 1061 816 1119 tollere
829 1079 937 1122 acervo.

139 1166 218 1222 Dum
228 1184 265 1223 ex
277 1183 364 1241 parvo
377 1163 458 1222 nobis
472 1165 639 1222 tantundem
652 1163 764 1222 haurire
774 1164 924 1240 relinquas,

138 1268 198 1325 Cur
209 1277 260 1324 tua
272 1268 336 1344 plus
348 1268 444 1326 laudes
457 1265 577 1324 ctuneris
591 1265 719 1342 granaria
731 1267 845 1324 nostris?
937 1291 939 1298 ·

138 1372 180 1428 Ut
195 1369 248 1428 tibi
262 1370 283 1426 sr
296 1369 331 1427 lit
343 1389 413 1446 opus
425 1368 526 1445 liquidi
539 1388 597 1426 non
610 1369 732 1445 amplius
744 1370 824 1440 orni,

137 1473 192 1530 Vel
205 1473 318 1549 cyatho,
332 1482 362 1530 et
373 1473 463 1542 dicas3
485 1471 596 1548 Magno
609 1472 645 1528 de
656 1471 775 1530 flumine
784 1471 892 1541 malim,

138 1578 237 1634 Quam
250 1595 286 1634 ex
298 1575 353 1634 hoc
365 1575 503 1632 fonticulo
518 1573 686 1631 tantundem
699 1573 817 1632 sumere.
850 1575 891 1633 Eo
902 1575 938 1634 fit

137 1679 249 1736 Plenior
258 1688 291 1736 ut
305 1679 407 1754 srquos
418 1678 537 1734 deledtet
550 1675 630 1752 copia
640 1674 722 1752 justo,

137 1782 214 1840 Cum
224 1781 285 1857 ripd
298 1781 380 1838 fimul
394 1779 501 1837 avulsos
514 1779 587 1836 ferat
599 1779 721 1836 Aufidus
734 1799 810 1838 acer:

137 1885 179 1942 At
198 1883 247 1960 qui
266 1882 368 1942 tantuli
388 1893 462 1958 eget,
486 1889 625 1956 quantum
643 1883 682 1938 est
699 1901 778 1957 opus,
802 1881 825 1940 is
844 1901 936 1960 neque

214 1987 284 2044 limo

136 2090 294 2148 Turbatam
313 2090 408 2148 haurit
429 2109 541 2164 uquam,
563 2108 656 2165 neque
672 2089 761 2148 vitam
777 2089 884 2148 amittit
903 2089 935 2147 in

216 2193 307 2249 undis.

136 2295 180 2352 At
192 2295 266 2352 bona
280 2313 342 2370 pars
356 2294 515 2366 hominum,
528 2296 645 2370 deceptu
658 2294 790 2370 cupidine
803 2295 881 2366 falso,

135 2397 188 2454 Nil
199 2396 264 2454 satis
275 2397 323 2466 est,
332 2396 440 2471 inquit3
453 2396 520 2472 quia
529 2397 610 2466 tanti,
621 2407 760 2472 quantum
771 2397 881 2468 habeas,
892 2399 934 2455 sss.

136 2500 218 2557 Quid
230 2499 315 2556 facias
328 2499 387 2556 illi?
406 2497 505 2574 jubeas
515 2498 649 2556 miserum
662 2499 716 2556 effe
726 2499 855 2570 libenter,

136 2603 288 2660 Quatenus
298 2599 328 2658 id
342 2601 425 2662 facit:
447 2609 480 2657 ut
491 2601 606 2675 quidam
618 2613 791 2659 memoratur
799 2601 923 2660 Athenis

135 2703 270 2762 Sordidus
284 2723 317 2760 ac
330 2701 415 2772 dives,
436 2703 533 2778 populi
546 2712 727 2761 contemnere
738 2723 819 2761 voces

134 2807 180 2864 Sic
193 2805 291 2864 solitus
298 2831 306 2876 5
328 2805 449 2882 Populus
459 2825 506 2862 me
518 2805 617 2876 fibilat,
639 2805 752 2863 etmihi
764 2807 869 2881 plaudo

134 2908 198 2984 Ipse
211 2908 298 2979 dorni,
313 2908 394 2964 simul
408 2927 441 2964 ac
453 2927 585 2966 nummos
598 2908 773 2983 contemplor
785 2907 817 2964 in
828 2909 901 2968 ared.

133 3011 273 3070 Tantalus
287 3010 398 3068 ulubris
412 3009 505 3067 sitiens
518 3009 658 3085 fugientia
670 3018 766 3084 captat

135 3114 278 3172 Flumina.
319 3113 399 3170 Quid
410 3111 499 3171 rides?
521 3120 632 3170 mutato
643 3110 766 3180 nomine,
779 3113 815 3170 de
830 3123 857 3170 te
971 3165 972 3172 ,
