2242 3680
424 203 524 264 ΗΒ,
550 203 578 264 1.
613 205 645 261 i.
890 207 928 260 2³

124 328 229 390 senice
241 330 360 402 bellum,
373 340 517 390 coenantes
529 331 607 388 haud
620 328 716 388 animo
729 343 812 404 aequo

127 433 300 509 Exspeeuns
310 434 436 492 comites.
476 435 542 512 Jam
555 453 613 492 nox
624 433 758 491 inducere
770 431 850 490 terris

127 536 265 608 Umbras,
279 543 309 594 et
321 536 393 594 eoelo
406 536 565 594 diffundere
577 537 665 612 signa,
678 537 809 611 parabat:

128 639 208 696 Tum
219 638 301 715 pueri
313 640 415 711 nautis,
436 639 529 716 pueris
542 639 669 698 convicia
681 647 785 708 nautae,

125 741 269 818 Ingerere.
309 743 377 802 Huc
391 743 508 819 appelle.
547 744 700 800 Trecentos
713 740 819 812 inseris,
837 739 906 801 ohel
978 783 980 786 -

120 844 195 922 Jam
205 845 271 903 satis
284 845 331 902 est.
356 847 436 903 Dum
447 863 485 902 aes
496 844 628 921 exigitur,
642 845 713 902 dum
723 844 801 902 mula
812 843 926 920 ligatur,

126 947 202 1006 Tota
214 947 276 1006 abit
288 948 370 1006 hora:
393 948 462 1006 mali
474 949 587 1020 culices
596 965 732 1023 ranaeque
744 946 877 1023 palustres
912 930 914 936 ,

124 1051 273 1111 Avertunt
285 1054 410 1112 somnose
433 1052 578 1111 absentem
591 1061 625 1109 ut
637 1059 734 1110 cantat
746 1050 871 1111 amicam

128 1154 226 1212 Mults
238 1155 366 1231 prolutus
379 1157 470 1233 vappl
482 1167 578 1227 nanta,
599 1167 684 1233 atque
697 1156 788 1215 viator

121 1255 282 1328 ›Certatim5
304 1259 420 1316 tandem
432 1258 516 1320 sessus
529 1257 651 1317 dormire
664 1259 755 1318 viator
851 1300 852 1304 ,

125 1359 247 1436 Incipit5
268 1377 302 1418 ac
314 1360 402 1420 missae
414 1360 524 1437 pastum
537 1362 693 1420 retinacula
705 1363 792 1422 mulae

124 1461 158 1522 N
159 1471 226 1520 auta
237 1462 319 1539 piger
331 1463 398 1523 lirxo
411 1464 520 1540 religat,
541 1462 686 1540 stertitque
700 1465 824 1541 supinus.

120 1567 249 1642 Jamque
261 1565 320 1624 dies
332 1567 436 1636 aderat,
457 1587 524 1625 cum
537 1566 578 1624 nil
591 1569 740 1643 procedere
754 1567 870 1626 lintrem

123 1667 283 1740 ¹Sentimus3
305 1670 395 1726 donec
408 1670 567 1728 cerebrosus
579 1667 686 1745 prosilit
698 1689 781 1742 nnus,

124 1771 171 1828 Ac
184 1771 271 1828 mulae
283 1781 433 1847 nautaeque
446 1781 531 1848 caput
544 1773 711 1848 lumbosque
725 1773 835 1850 saligno

123 1873 148 1931 F
148 1873 207 1930 uste
219 1873 310 1931 dolat:
334 1875 434 1950 quarta
446 1873 494 1932 vix
508 1876 626 1932 demum
638 1875 809 1950 exponimur
826 1876 906 1934 hors.

121 1977 185 2034 Ora
198 1996 355 2053 manusque
368 1977 418 2034 tul
430 1977 559 2048 lavimus,
579 1978 705 2047 Feronia,
719 1979 846 2055 lymphl.

123 2079 219 2138 Millia
232 2089 295 2137 turn
305 2081 397 2156 pranfi
410 2080 465 2138 tria
476 2079 608 2156 repimus,
629 2089 715 2157 atque
729 2081 855 2140 subimus

124 2183 293 2259 Impofitum
305 2183 378 2240 saxis
389 2183 447 2240 late
460 2183 647 2240 candentibus
660 2185 774 2241 Anxur.

123 2287 192 2344 Huc
204 2295 340 2345 venturus
352 2294 412 2344 erat
425 2287 577 2356 Maecenas,
598 2285 723 2362 optimus
735 2296 820 2362 atque

121 2389 273 2462 Cocceium
284 2389 369 2447 *miffi
382 2388 493 2464 magnis
508 2390 543 2446 de
556 2389 637 2446 rebus
650 2399 770 2464 uterque

123 2493 234 2570 legati,
248 2491 356 2551 aversos
369 2491 443 2549 soliti
457 2509 626 2566 componere
640 2489 754 2548 amieos.

123 2595 181 2652 Hie
191 2595 280 2654 oculis
293 2615 347 2671 ego
360 2595 440 2672 nigra
453 2595 523 2652 meis
537 2593 653 2670 collyria
666 2593 759 2670 lippus

122 2698 246 2757 illinere.
286 2698 550 2754 IntereaMaecenas
564 2695 688 2769 advenit,
707 2706 793 2774 atque

122 2800 271 2871 Cocceius,
284 2799 444 2876 Capitoque
457 2799 539 2856 simul
552 2798 695 2868 Fonteius,
713 2800 750 2855 ad
762 2817 890 2875 unguem

121 2903 222 2960 Festus
233 2902 345 2973 hom03·
355 2901 477 2972 Antoni,
490 2919 548 2958 non
560 2910 595 2958 ut
606 2901 697 2976 magis
710 2901 789 2972 alter,
803 2901 918 2962 aurium

122 3005 235 3064 Fundos
247 3003 367 3064 Aufidio
379 3004 470 3062 Lusco
482 3005 602 3062 Praetore
615 3003 736 3060 libenter

121 3108 301 3186 Linquimus,
314 3104 406 3186 insani
418 3107 540 3173 ridentes
550 3105 666 3184 praemia
679 3103 785 3180 scribae,
