2238 3686
418 247 510 310 LIB.
540 252 564 309 I.
604 245 633 308 ii.
891 247 928 314 93

127 371 264 434 intendes
279 375 408 433 animum
421 379 518 436 studiis
530 385 561 436 et
573 381 656 436 rebus
669 374 799 446 honestis,

128 479 243 536 Invidia
255 479 300 537 vel
315 499 410 538 amore
423 481 493 558 vigil
507 482 682 556 torquebere.
723 479 803 537 Nam
815 494 874 546 cur,

130 583 207 658 Quae
220 583 329 639 laedunt
342 583 466 652 oculum,
480 583 593 641 festinas
606 584 719 640 demere
725 605 734 652 3
756 581 776 637 fi
790 579 859 656 quid

128 685 177 742 Est
191 673 329 753 animum,
343 683 439 742 differs
452 685 571 743 curandi
584 694 696 761 tempus
709 683 739 740 in
754 683 877 740 annum?

128 787 293 845 Dimidium
307 787 384 857 fasti,
398 787 449 863 qui
462 787 559 864 coepit,
573 788 674 844 habet:
698 785 794 861 sapere
807 784 897 853 aude,

128 886 242 963 Incipe:
265 887 315 963 qui
329 889 403 945 resie
416 889 531 947 vivendi
545 899 678 967 prorogat
691 889 800 958 horam,

130 989 259 1046 Rusticus
273 989 416 1066 exspettat
429 993 499 1048 dum
512 992 621 1050 defluat
639 992 747 1062 amnis,
769 999 799 1048 at
812 990 859 1047 ille

130 1092 251 1150 Labitur
264 1103 293 1150 et
307 1094 418 1151 labetur
431 1094 461 1151 in
475 1113 560 1152 omne
573 1095 705 1153 volubilis
718 1113 820 1151 aevum.

132 1196 280 1254 Quaeritur
293 1207 453 1274 argentum,
467 1197 617 1273 puerisque
630 1200 713 1255 beata
727 1196 854 1254 creandis

130 1299 222 1369 Uxor,
239 1309 269 1357 et
281 1299 397 1357 incultae
410 1299 559 1375 placantur
571 1319 685 1357 vomere
699 1300 782 1357 srlvae.

132 1402 221 1459 Quod
235 1401 301 1461 satis
314 1403 354 1459 est
366 1402 413 1460 cui
426 1401 578 1479 contingit,
592 1401 666 1458 nihil
679 1401 800 1477 amplius
811 1409 899 1476 optet.

130 1507 201 1564 Non
212 1506 322 1577 domus,
335 1515 365 1563 et
378 1506 492 1576 fundus,
506 1525 564 1563 non
578 1505 639 1562 aeris
652 1524 766 1562 acervus
778 1514 807 1562 et
820 1505 890 1574 auri,

131 1607 256 1686 AEgroto
269 1607 379 1666 domini
393 1607 512 1666 deduxit
525 1626 640 1684 corpore
653 1608 754 1678 febres,

132 1713 201 1770 Non
216 1713 311 1770 animo
325 1732 414 1770 curas.
447 1711 551 1770 Valeat
562 1710 692 1787 possessor
705 1721 825 1788 oportet,

132 1816 161 1872 Si
175 1815 357 1891 comportatis
370 1817 453 1872 rebus
466 1817 539 1872 bene
552 1814 660 1891 cogitat
672 1814 725 1872 uti.

134 1919 195 1978 Qui
208 1920 288 1997 cupit
299 1930 349 1978 aut
360 1919 472 1990 metuit,
480 1917 563 1995 juvat
573 1917 656 1976 illum
667 1918 705 1976 fic
716 1921 825 1990 domus,
837 1928 867 1978 et
877 1939 929 1992 res,

132 2024 176 2080 Ut
189 2023 301 2099 lippum
313 2022 396 2100 pittae
410 2023 524 2092 tabulae,
540 2031 668 2079 tomenta
681 2023 845 2099 podagram,

132 2125 284 2183 Auriculas
297 2125 413 2182 citharae
426 2123 543 2181 collesis
556 2124 636 2182 sorde
649 2125 784 2183 dolentes.

133 2229 280 2286 Sinccrum
290 2229 329 2285 est
338 2227 390 2285 nisr
400 2247 457 2297 van,
467 2227 666 2303 quodcumque
677 2227 813 2300 infundis,
820 2229 930 2287 acescit.

116 2306 119 2318 Ι
133 2333 238 2407 Sperne
251 2331 425 2406 voluptates:
449 2329 532 2386 noce't
544 2339 621 2387 emta
634 2331 730 2388 dolore
743 2332 879 2408 voluptas.

133 2437 250 2510 Semper
262 2452 360 2491 avarus
373 2443 452 2510 eget:
475 2442 585 2489 certum
597 2441 664 2491 voto
677 2443 742 2508 pete
755 2433 851 2492 finem.

117 2605 121 2609 ,
133 2537 251 2596 Invidus
264 2535 377 2594 alterius
390 2534 536 2592 macrescit
549 2536 631 2591 rebus
644 2535 761 2610 opimis:

133 2640 247 2698 Invidia
260 2637 347 2695 Siculi
360 2657 418 2694 non
431 2635 563 2694 invenere
575 2637 690 2714 tyranni

132 2741 229 2819 Majus
244 2751 426 2799 tormentum.
470 2739 531 2797 Qui
546 2758 604 2797 non
617 2742 809 2801 moderabitur
821 2744 879 2815 irae,

133 2846 279 2904 infestum
292 2843 368 2900 volet
381 2842 445 2912 esse,
460 2841 539 2900 dolor
552 2844 628 2918 quod
641 2843 765 2917 suaserit,
779 2856 809 2904 et
822 2867 911 2919 mena,

134 2951 216 3007 Dum
228 2965 325 3023 poenas
338 2945 404 3003 odio
416 2945 538 3020 pervim
550 2946 662 3004 festinat
674 2947 774 3006 inulto.

135 3053 182 3110 Ira
195 3051 275 3107 furor
287 3049 380 3106 brevis
393 3047 446 3104 est:
469 3047 598 3104 animum
611 3067 693 3125 rege,
715 3051 764 3126 qui
778 3051 829 3110 nisi
842 3065 931 3130 paret,

136 3158 277 3232 Imperat:
301 3142 379 3210 hunc¹
391 3151 494 3224 fraenis,
510 3151 587 3209 hunc
601 3161 633 3210 tu
646 3154 790 3232 compesce
804 3159 913 3215 catena.
