2242 3680
379 261 517 322 ΜΒ.
551 264 575 321 1.
614 261 688 322 vi.¹
902 263 943 326 29

90 409 94 419 ·
134 377 241 440 Pauca:
266 384 350 456 abc03
372 393 401 444 'et
412 406 524 446 revocas
533 407 608 448 nono
618 387 677 465 post
688 383 793 454 mense,
801 381 938 459 jubesque

136 485 201 542 Esse
211 484 243 544 in
254 487 412 546 amicorum
422 509 551 550 numero.
572 491 716 568 Magnum
726 488 780 546 hoc
790 505 844 563 ego
855 486 938 554 duco,

136 588 229 646 Quod
243 590 337 666 placui
350 591 412 661 tibi,
426 593 476 668 qui
489 591 565 669 turpi
578 591 696 651 secernis
709 589 866 658 honestum,

137 691 209 750 Nou
223 701 304 766 patre
317 695 459 770 praeclaro,
473 695 521 754 sod
534 696 593 752 vite
606 705 636 754 et
647 694 760 770 pectore
769 711 849 768 puro.

138 793 242 869 Atqui,
257 794 277 852 fi
290 795 367 853 vitiis
381 797 567 856 mediocribus
581 816 614 854 ac
626 815 690 854 mea
702 793 799 871 paucis

137 897 279 955 Mendosa
290 899 329 957 est
342 911 452 970 natura,
467 901 571 976 alioqui
585 900 669 970 resta,
679 898 776 974 (velut
789 897 810 954 s1

137 1000 262 1076 Egregio
272 1001 407 1079 inspersos
420 1003 569 1079 reprendas
581 1020 697 1077 corpore
710 1000 815 1070 naevos)

138 1100 168 1158 Si
181 1121 274 1178 neque
286 1105 443 1175 avaritiam,
457 1124 549 1180 neque
562 1105 663 1174 sordes,
685 1112 734 1162 aut
748 1103 823 1160 mala
835 1101 919 1160 lustra

137 1204 264 1281 objiciet
276 1225 341 1264 vere
353 1207 503 1284 quisquam
516 1207 606 1276 mihi;
630 1225 717 1283 purus
729 1215 759 1264 et
771 1204 874 1274 insons,

140 1309 197 1383 (Ut
210 1327 258 1366 me
269 1309 441 1384 collaudem)
456 1311 476 1368 s1
491 1320 520 1368 et
532 1309 597 1366 vivo
610 1327 690 1366 carus
708 1307 820 1378 amicis5

137 1411 231 1468 Causa
245 1411 302 1470 fuit
312 1423 394 1488 pater
406 1413 459 1484 bis,
480 1413 529 1488 qui
542 1431 639 1470 macro
651 1429 757 1486 pauper
770 1410 862 1486 agello

137 1514 244 1573 Noluit
256 1515 287 1573 in
300 1516 379 1574 navt
392 1517 494 1574 ludum
506 1535 553 1574 me
565 1515 688 1583 mittere,
700 1514 800 1590 ¹magni

139 1618 210 1675 Quo
222 1617 310 1693 pueri,
324 1619 436 1696 magnis
449 1638 465 1676 e
478 1616 688 1676 centurionibus
701 1615 765 1686 orti,

134 1722 225 1780 Laevo
238 1721 359 1797 suspenfi
372 1721 479 1780 loculos
495 1721 677 1796 tabulamque
690 1719 803 1788 lacerto,

138 1827 224 1884 Ibant
237 1825 344 1884 ostonis
358 1827 509 1884 reserentes
521 1823 614 1882 idibus
627 1842 696 1881 aera:

139 1931 194 1988 Sed
206 1949 327 2008 puerum
339 1931 379 1988 est
390 1929 472 1990 ausus
486 1931 607 1988 Romam
618 1935 737 2004 portare,
758 1927 917 1986 doocndrun

137 2035 232 2104 Artes,
247 2053 317 2110 quas
329 2035 428 2092 doceat
440 2032 532 2109 quivis
544 2050 629 2107 eques
639 2039 726 2105 atque
739 2029 848 2087 senator

137 2137 233 2194 Semet
244 2146 410 2213 prognatos:
432 2136 537 2192 vestem
549 2133 696 2208 servosque
709 2131 863 2206 sequentes,

137 2241 173 2296 In
186 2257 292 2316 magno
304 2248 338 2296 ut
349 2237 463 2315 populo,
479 2237 499 2294 si
511 2235 561 2312 qui
572 2235 690 2305 vidisset,
706 2233 782 2291 avitd

137 2343 182 2400 Ex
195 2361 226 2399 re
237 2342 356 2419 praeberi
368 2342 477 2399 sumtus
490 2339 562 2398 mihi
574 2339 700 2396 crederet
714 2335 785 2392 illos.

137 2444 201 2520 Ipse
214 2443 295 2513 mihi,
309 2444 398 2501 custos
412 2440 671 2517 incorruptissimus,
689 2456 787 2496 omncs

137 2547 256 2606 Circum
269 2547 394 2604 dodoms
412 2547 516 2604 aderat.
558 2542 639 2600 Quid
651 2541 758 2599 multa?
779 2540 915 2617 pudicum
938 2565 945 2584 =

139 2651 216 2728 (Oui
226 2649 334 2726 primus
346 2647 458 2724 virtutis
471 2645 572 2717 honos)
587 2643 707 2702 servavit
718 2646 754 2701 ab
767 2644 846 2702 omni
940 2669 944 2678 ·

136 2755 208 2814 Non
222 2753 314 2810 solum
327 2752 410 2822 sablo,
431 2767 530 2808 verum
543 2746 693 2823 obprobrio
715 2764 828 2822 quoque
840 2746 933 2822 turpi:

137 2857 202 2915 Nec
216 2855 321 2935 timuit,
337 2854 387 2912 fibi
400 2873 437 2912 ne
449 2852 519 2910 vitio
532 2851 595 2926 quis
606 2857 735 2918 verteret,
749 2847 819 2904 olim
938 2877 942 2892 ·

7 3003 13 3014 .
138 2959 168 3018 Si
182 2977 273 3035 praeco
285 2976 391 3034 parvas,
406 2965 455 3014 aut
470 2935 584 3031 (ut'fuit
595 2952 667 3028 ipse)
682 2950 794 3008 coactor

138 3063 285 3121 Mercedes
305 3061 432 3136 sequerer
437 3083 446 3132 ;
467 3076 559 3132 neque
582 3073 636 3132 ego
654 3051 738 3110 essem
753 3050 876 3126 questus:
898 3055 936 3112 ad

218 3164 367 3223 haecnunc
