2242 3680
372 219 388 278 ,’
419 212 515 284 Lis·
543 225 567 282 1.
609 244 634 282 v.
885 231 922 280 ns
1041 175 1043 182 ,

126 348 179 408 Nil
191 348 234 406 illi
244 349 322 408 larvb
333 359 382 408 aut
395 351 508 428 tragicis
522 369 592 428 opus
604 350 659 408 else
669 347 825 406 cothurnis.
920 353 925 379 ³

125 448 223 510 Multa
236 452 359 511 Cicirrus
372 454 491 525 ad-haec,
505 453 630 512 donasset
636 451 733 528 jamne
746 459 876 510 catenam

125 555 171 612 Ex
183 564 251 612 voto
265 555 395 627 Laribus,
406 559 566 632 quaerebat?
588 555 676 612 scriba
689 555 766 630 quod
780 554 857 625 effer,

126 657 230 716 Nihilo
243 658 365 716 deterius
378 659 500 716 dominae
509 657 555 734 jus
568 658 631 716 esse.
672 657 802 733 Rogabat

126 759 268 835 Denique,
282 779 333 818 cur
345 779 474 837 unquam
485 760 613 837 fugisset;
634 759 681 816 cui
694 759 759 817 satis
772 777 829 817 una

127 862 217 920 Farris
229 863 301 922 libra
314 863 396 934 foret,
416 862 515 940 gracili
528 863 574 932 fic,
596 872 711 938 tamque
727 861 844 938 pusillo?
923 872 925 876 '

126 965 238 1026 Prorsus
247 964 494 1042 jucunde'eoenam
507 964 687 1041 producimus
699 964 787 1022 illam.

125 1069 285 1126 Tendimus
307 1065 380 1126 hinc'
396 1067 471 1126 resti
488 1069 699 1138 ,Beneventum
729 1066 779 1124 ubi
800 1065 926 1124 sedulus.

205 1172 304 1248 hospes

126 1277 201 1332 Pene
214 1293 322 1332 macros
336 1275 400 1333 arsrt
413 1277 517 1343 turdos,
532 1275 602 1333 dum
615 1275 705 1333 versat
717 1275 747 1332 in
760 1273 835 1351 igni:

126 1378 205 1436 Nam
219 1395 291 1454 vaga
303 1397 353 1454 per
367 1387 490 1436 veterem
502 1379 609 1454 dilapso
621 1378 736 1435 flamma
750 1377 875 1434 culinam
919 1373 920 1378 ’

125 1481 256 1547 Vulcano
273 1480 417 1538 summum
430 1483 597 1557 properabat
611 1479 734 1536 lambere
745 1479 863 1536 testum.

127 1583 268 1641 Convivas
281 1583 376 1642 avidos
389 1603 509 1654 curnam,
523 1582 669 1658 servosque
681 1581 813 1638 timentes

125 1687 205 1744 Turn
214 1705 320 1763 rapere,
342 1695 426 1760 atque
439 1703 536 1742 ornnes
547 1683 717 1760 restinguere
726 1683 798 1748 velle
809 1683 925 1744 videres

126 1789 232 1866 Incipit
245 1807 281 1846 ex
294 1789 343 1846 illo
356 1797 466 1846 montes
480 1786 606 1862 Appulia
619 1795 701 1844 notos

127 1891 275 1949 Ostentare
288 1889 368 1960 mihi,
390 1909 460 1966 quos
474 1899 561 1946 torret
572 1889 724 1957 Atabulus,
738 1898 767 1946 ot
778 1909 848 1964 quos
927 1931 931 1940 .

127 1995 288 2070 Nunquam
298 1993 464 2068 erepsemus,
485 1991 537 2049 nifi
550 2009 600 2048 nos
612 1991 703 2048 vicina
713 1990 821 2048 Trivici

127 2098 204 2156 Villa
218 2096 370 2173 recepisset,
384 2094 539 2171 lacrymoso
553 2113 611 2152 non
624 2095 682 2150 fine
694 2093 785 2164 sume,

127 2201 209 2258 Udos
222 2219 289 2257 cum
302 2197 377 2256 soliis
390 2215 485 2255 ramos
496 2207 597 2254 urente
610 2196 731 2254 camino.

127 2304 185 2360 Hic
198 2322 253 2380 ego
266 2303 441 2370 mendacem,
455 2300 626 2357 stultiffimus
639 2300 736 2376 usqne,
749 2301 874 2376 puellam

128 2407 184 2464 nd·
196 2405 331 2462 mediam
340 2403 453 2462 nostem
469 2401 614 2478 exspesto:
637 2403 750 2460 somnus
764 2405 862 2462 taiuen·
873 2409 933 2464 au-1'

207 2507 264 2564 fert
828 2511 829 2516 ’

128 2611 280 2677 intentum·
290 2608 409 2679 Veneri;
431 2619 494 2666 tum
504 2608 653 2666 immundo
666 2607 775 2666 somnia·
787 2609 848 2667 visu
863 2661 864 2666 ,
932 2661 935 2668 ,

128 2712 309 2770 Nosturnam
316 2711 419 2768 vestem
428 2710 580 2778 maculant,
589 2720 773 2786 ventremque
783 2711 926 2787 supinum
929 2733 937 2762 r

130 2815 276 2872 Quattuor
288 2813 356 2872 hinc
368 2813 493 2888 rapimur
505 2812 608 2888 viginti
621 2822 649 2870 et
661 2813 750 2870 millia
763 2812 866 2882 rhedis,

32 2971 35 2976 .
128 2916 259 2974 Mansuri
272 2915 416 2991 oppidulo,
436 2915 512 2990 quod
525 2915 605 2972 versu
619 2914 711 2972 dicere
725 2933 783 2972 nou
792 2914 846 2984 est;
928 2955 940 2976 2

130 3018 223 3096 Signis
235 3017 369 3094 perfacile
379 3017 431 3074 est:
455 3016 541 3086 venit,
556 3016 685 3074 vilissima
699 3019 804 3085 rerum,'
913 3031 914 3034 ’
929 3041 938 3072 2=

130 3121 192 3192 Hie·
200 3141 273 3198 aqua
279 3145 288 3192 3
309 3120 356 3180 sed
368 3119 448 3196 panis
460 3119 546 3194 longe
557 3117 770 3194 pulcherrimus,
783 3118 872 3194 ultra·
927 3132 937 3180 L
