2242 3680
204 241 243 292 54
453 233 762 302 SERMONUM,

206 364 356 419 Automat.
390 363 462 419 Haec
475 365 601 440 populos,
620 362 681 419 haec
694 377 814 435 magnos
828 355 950 414 formula
963 374 1007 412 re·

285 484 343 540 ges,

207 568 334 642 Excepto
348 568 482 643 sapiente,
497 579 584 627 tenet.
625 569 713 626 Nunc
727 567 831 642 accipe,
846 584 935 640 quare

206 669 354 745 Defipiant
366 691 464 728 omnes
478 671 558 747 a'eque
572 691 604 729 ac
617 683 658 741 tu,
675 671 725 746 qui
738 671 791 727 tibi
804 687 911 725 nornen

207 773 309 829 Insano
320 774 445 848 posuere.
479 775 568 831 Velut
578 764 663 842 silvis,
677 773 727 830 ubi
740 772 840 848 paffim

207 875 334 932 Palantes
347 895 423 932 error
434 887 512 934 certo
527 878 561 933 de
575 876 688 933 tramite
701 875 790 951 pellit,

207 978 260 1034 Ille
271 979 463 1048 sinistrorsum,
475 979 523 1036 hic
534 965 710 1035 dextrorsum
721 976 780 1034 abit
787 1003 794 1046 5
810 995 884 1032 unus
894 973 1008 1048 utrique

134 1069 136 1075 ¹
208 1082 301 1151 Error,
316 1081 363 1138 sed
377 1082 459 1138 variis
471 1081 565 1138 illudit
579 1081 720 1156 partibus5
741 1080 795 1136 hoc
809 1089 837 1135 te

208 1183 299 1240 Crede
312 1185 398 1240 modo
408 1183 549 1253 insanum,
564 1183 654 1240 nihilo
667 1192 700 1239 ut
714 1181 865 1257 sapientior
877 1180 937 1251 ille,

206 1285 270 1342 *Qui
284 1296 313 1342 te
324 1287 440 1355 deridet,
458 1289 576 1344 caudam
591 1287 693 1344 trahat.
733 1287 781 1342 Est
794 1305 883 1362 genus
897 1305 1002 1341 unum·
1058 1345 1061 1349 ,

208 1387 342 1445 Stultitiae
356 1389 479 1446 nihilum
492 1391 645 1446 metuenda
656 1389 796 1459 timentis,
818 1399 852 1444 ut
864 1388 955 1464 ignes,

207 1493 251 1548 Ut
262 1511 344 1569 rupes
357 1493 515 1568 fluviosque
528 1493 559 1550 in
571 1513 671 1570 campo
684 1493 791 1551 obstare
804 1503 958 1568 queratur:

144 1607 146 1614 ’
208 1596 350 1666 Alterum,
363 1606 392 1654 et
404 1597 470 1654 huie
482 1599 599 1668 varium,
612 1605 641 1654 et
651 1597 742 1654 nihilo
752 1597 912 1673 sapientius,
927 1597 1010 1674 ignea
1110 1677 1111 1682 ἵ

208 1699 260 1757 Per
273 1699 389 1768 medios,
404 1699 570 1774 fluviosque,
586 1700 708 1757 ruentis:
728 1701 832 1757 clamet
844 1699 936 1756 amica

208 1803 312 1872 Mater,
327 1803 440 1860 honesta
455 1803 538 1871 soror,
553 1824 620 1862 cum
633 1804 769 1881 cognatis,
783 1810 873 1880 pater,
886 1823 973 1874 uxor,

208 1905 267 1962 Hic
280 1906 348 1962 fossa
361 1905 528 1982 eslingensi
552 1907 599 1963 hic
612 1927 694 1983 rupes
707 1907 846 1964 maxima!
869 1907 962 1963 serva!

209 2009 278 2065 Non
292 2009 382 2086 magis
395 2009 514 2066 audierit
525 2029 612 2085 quam
626 2010 721 2067 Fufius
734 2009 828 2066 ebrius
839 2009 911 2066 olim

210 2112 286 2169 Cum
300 2111 423 2168 Ilionam
437 2113 567 2182 edormtt,
586 2112 712 2169 Catienis
725 2112 803 2169 mille
816 2112 956 2181 ducentis,

209 2215 315 2285 Mater,
330 2224 358 2272 te
372 2215 490 2291 appello,
507 2215 704 2272 clamantibus.
748 2214 825 2272 Huic
838 2233 893 2291 ego
907 2216 1010 2291 vulgus

210 2318 304 2374 Errori
317 2317 437 2375 fimilem
450 2317 586 2374 cunctum
599 2317 720 2374 insanire
732 2317 849 2374 docebo.

210 2419 319 2476 Insanit
331 2432 438 2478 veteres
451 2421 552 2476 statuas
565 2419 750 2495 Damafippus
761 2421 891 2476 emendo.

210 2522 326 2596 Integer
339 2523 378 2578 est
390 2522 493 2580 mentis
507 2521 671 2597 Damafippi
685 2522 824 2579 creditor?
846 2523 905 2580 esto
910 2548 918 2592 ;

211 2624 319 2699 Accipe
332 2625 408 2697 quod
422 2643 569 2699 nunquam
582 2625 680 2680 reddas
692 2623 773 2694 mihi,
794 2623 814 2680 sr
827 2624 880 2681 tibi
893 2625 999 2696 dicam,

210 2729 295 2784 Tune
307 2726 420 2783 insanus
433 2727 494 2796 etia,
509 2727 530 2782 fi
544 2726 694 2800 acceperim
716 2745 751 2782 an
766 2726 856 2802 magis
870 2746 979 2799 excors,

212 2829 325 2906 llejectd
337 2829 440 2906 praedd‚
454 2847 541 2903 quam
554 2828 673 2904 praesens
686 2829 845 2885 Mercurius
858 2829 931 2886 sert?

209 2935 307 2991 Scribe
320 2935 419 2991 decem
433 2953 448 2988 a
461 2931 568 2989 Nerio:
591 2951 647 2988 non
659 2933 698 2988 est
710 2931 791 3002 satis;
814 2933 885 2989 adde
899 2932 1013 2992 Cicutae

213 3037 320 3094 Nodosr
334 3037 443 3094 tabulas
456 3043 586 3104 centum5
608 3035 771 3092 mille-adde
785 3045 913 3092 catenas:

213 3140 339 3216 Effugiet
352 3149 447 3198 tamen
461 3139 522 3196 haec
533 3139 682 3202 sceleratus
695 3137 808 3197 vincula
819 3140 946 3199 Proteus.
1000 3181 1001 3184 η
