2242 3680
429 242 522 300 ΗΒ.
554 243 579 300 1.
617 235 667 300 vu.
886 241 925 294 si

28 385 31 392 ·
128 365 206 443 Saepe
218 366 328 438 sorum3
350 367 442 426 uffisto
453 368 570 439 divinis,
591 368 659 426 inde
669 368 788 426 domum
800 385 848 424 me

127 472 178 529 Ad
189 471 265 548 porri
278 481 308 529 et
319 471 420 530 ciceris
427 474 517 530 resero
530 473 685 550 laganique
691 471 835 530 catinum:

128 577 221 634 Coena
233 574 406 635 ministsatur
418 577 512 654 pueris
524 577 626 646 ssibus,
648 585 677 634 et
690 575 760 652 lapis
770 576 850 632 albus

128 681 234 738 Pocula
246 699 314 738 cum
326 680 431 757 cyatho
443 683 502 738 duo
513 680 645 750 susiinet3
667 680 736 736 astat
748 679 850 736 echino

129 781 204 840 Vilis
216 802 285 841 curn
296 783 393 858 poteri
407 791 513 860 gustus,
530 783 675 858 Campana
688 781 825 857 supellex:

130 885 246 942 Deinde
257 904 291 942 eo
302 879 472 956 donnit'um3
488 903 546 942 non
555 885 688 954 solicitus,
700 883 772 942 mihi
783 885 859 960 quod
869 903 932 942 crau
992 865 996 870 ⁴

131 989 313 1064 Surgendum
325 987 360 1044 fit
376 1007 469 1058 mane,
490 987 636 1044 obeundus
649 987 772 1064 Marsya,
787 986 879 1062 quise

131 1091 256 1147 Vultum
268 1089 341 1146 ferre
354 1098 442 1166 negat
453 1089 614 1146 Noviorum
627 1088 703 1165 posse
715 1089 840 1146 minoris.

131 1193 183 1250 Ad
196 1201 328 1268 quartam
336 1190 431 1267 jaceo,
444 1191 504 1268 post
516 1193 590 1249 hanc
602 1211 698 1268 vagos,
718 1202 768 1249 aut
780 1211 842 1270 ego,
856 1185 934 1251 lesio

132 1299 197 1356 Aut
210 1295 313 1372 scripto
325 1295 402 1370 quod
413 1313 461 1352 me
473 1294 593 1351 tacitum
602 1293 692 1370 juvet,
709 1313 802 1371 ungor
813 1295 898 1366 olivo,

133 1401 204 1458 Non
217 1417 275 1474 quo
285 1397 421 1456 fraudatis
433 1397 598 1454 immundus
609 1397 701 1454 Natta
713 1398 843 1456 lucernis.

133 1503 196 1575 Ast,
209 1501 259 1559 ubi
271 1519 319 1560 me
330 1500 433 1560 sessum
443 1499 485 1556 sol
497 1500 587 1558 aerior
598 1499 640 1557 ire
651 1499 776 1558 lavatum

134 1605 306 1676 Admonuit,
325 1603 407 1681 fugio
420 1604 562 1679 Campum
575 1601 725 1678 lusumque
737 1603 892 1680 ingonem,

134 1709 254 1767 Pransus
266 1727 326 1764 non
339 1707 429 1778 avide,
442 1715 582 1782 quantum
593 1705 754 1782 interpellet
764 1706 844 1764 inani

135 1813 245 1869 Venire
258 1810 337 1868 diem
348 1811 458 1880 durare,
471 1807 637 1866 domesticus
649 1809 732 1867 otior.
765 1811 837 1868 Haec
855 1813 898 1870 escv
924 1806 929 1828 '

135 1913 206 1972 Vita
218 1913 375 1970 solutorum
389 1910 490 1968 miseri
502 1909 658 1969 ambitione
671 1913 820 1989 gravique:

135 2016 191 2076 His
204 2035 252 2074 me
263 2015 399 2086 consolor,
411 2013 553 2072 visiurum
565 2013 684 2084 suavius,
699 2035 731 2072 ac
745 2017 766 2073 fi
815 2025 817 2030 ’

138 2121 269 2182 Quaestor
280 2137 356 2190 avus,
364 2125 445 2194 pater
454 2125 540 2192 atque
549 2135 637 2188 meus,
648 2125 820 2196 pannusque
830 2107 949 2180 fussee?

384 2443 585 2502 SATIRA
624 2445 696 2502 vll.

139 2625 327 2685 Pnosonssut
340 2624 425 2701 Regis
438 2623 535 2700 Rupili
546 2641 599 2700 pus
612 2630 698 2698 atque
708 2641 859 2682 venenuns

140 2726 236 2785 Ibsida
249 2746 306 2803 quo
318 2727 401 2803 pusio
414 2728 448 2784 sit
460 2727 565 2784 Persius
577 2727 663 2798 uitus,
682 2727 782 2802 opinor

141 2829 285 2888 Omnibus
297 2838 328 2887 et
340 2829 423 2906 lippis
435 2837 537 2888 notum
547 2837 577 2886 et
589 2829 747 2887 tonsoribus
758 2829 825 2885 effe,
863 2828 865 2834 ’
933 2823 935 2830 ’

141 2933 249 2990 Persius
261 2932 309 2990 hic
322 2951 475 3009 permagna
488 2931 602 3009 negotia
615 2933 691 2990 dives
703 2931 834 2990 habebat·
930 2947 935 2958 ’

143 3034 331 3106 Clazomenis,
345 3036 432 3094 etiam
445 3037 508 3093 lites
520 3053 588 3092 eum
601 3036 679 3110 Rege
691 3033 837 3102 molestes}

144 3137 240 3198 Dusus
253 3139 354 3209 honio,
362 3147 446 3214 atque
454 3139 521 3197 odio
531 3137 581 3212 qui
593 3137 681 3213 posset
690 3137 802 3197 sincere
814 3137 942 3216 Regem's
