2238 3686
362 167 369 208 ²
427 199 520 259 uro.
545 203 569 260 1.
608 200 688 258 xvir.
887 203 939 256 ιιι

142 327 276 386 lndotata
289 325 361 384 mihi
371 328 447 384 soror
459 328 506 397 est,
520 328 689 404 paupercula
702 333 802 396 mater,

142 431 181 487 Et
194 429 309 499 funduS‚
324 447 376 486 nec
389 429 537 487 vendibilis
548 449 601 488 uec
613 429 724 505 pascere
737 429 843 500 firmus,

145 531 208 590 Qui
221 531 304 602 dicit,
319 532 432 601 clamat,
446 531 563 589 Vidium
576 534 655 590 date:
677 531 798 588 succinit
811 533 890 601 alter,

143 635 183 693 Et
195 633 267 692 mihi
281 634 396 692 dividuo
409 634 534 692 findetur
546 653 663 692 munere
674 636 789 709 quadra.

146 739 211 808 Sed,
223 736 325 794 tacitus
334 737 411 814 pasci
422 737 442 794 fi
455 738 544 813 posset
557 756 664 807 corvus,
678 736 795 794 haberet

146 842 212 900 Plus
226 842 312 917 dapis,
326 852 355 899 et
366 841 435 898 rixae
448 843 540 899 multo
553 841 647 898 minus
657 841 838 916 invidiaeque.

145 945 336 1002 Brundusituu
344 963 438 1002 comes
448 954 497 1001 aut
508 945 675 1002 Surrentum
682 943 782 1000 dusius
790 963 944 1015 amoenum,

148 1047 210 1105 Qui
224 1047 350 1122 queritur
361 1040 489 1116 salebras,
501 1055 530 1103 et
538 1048 671 1104 acerbum
682 1045 780 1122 frigus,
794 1046 946 1118 etImbres,

146 1151 210 1210 Aut
221 1149 318 1207 cistam
330 1147 475 1206 elfredam
488 1157 538 1206 aut
550 1149 685 1206 subducta
698 1148 799 1206 viatica
811 1149 912 1225 plorat,

147 1253 228 1312 Nota
241 1252 327 1310 refert
339 1251 492 1308 meretricis
505 1251 645 1322 acumina,
659 1239 732 1330 supe
742 1253 882 1324 catellam,

148 1356 229 1431 Saepe
240 1353 433 1430 periscelidem
446 1363 556 1430 raptam
568 1353 619 1411 fibi
630 1354 738 1424 flentis,
759 1353 803 1410 uti
816 1373 885 1412 mox

148 1459 240 1530 Nulla
253 1458 323 1514 fides
335 1456 445 1514 damnis
458 1456 585 1532 verisque
598 1457 740 1514 doloribus
753 1457 831 1514 adsit.

149 1561 214 1620 Nec
227 1560 311 1617 semel
325 1559 418 1617 irrisus
429 1559 518 1617 triviis
535 1560 662 1636 attollere
674 1568 754 1616 curat

150 1663 250 1721 Frauo
262 1681 342 1720 crure
352 1663 484 1738 planum:
506 1662 574 1719 licet
586 1661 628 1718 illi
639 1661 761 1737 plurima
773 1676 870 1721 manet

151 1767 306 1842 Lacryma3
329 1783 379 1841 per
392 1765 518 1822 sanetum
528 1763 638 1841 juratus
651 1767 727 1824 dIcat
740 1765 854 1838 Osirim,

152 1869 275 1938 Credite,
289 1887 348 1925 non
360 1869 441 1938 ludo,
463 1868 589 1930 crudeles
602 1867 693 1925 tollite
709 1869 857 1928 clauduml

153 1973 258 2031 Quaere
270 1971 460 2048 peregrinum,
473 1970 576 2029 vicinia
589 1989 671 2029 rauca
683 1972 826 2032 reclamat.

346 2333 605 2393 EPISTOLA
644 2335 756 2394 XVIII.

440 2511 481 2548 AD
503 2510 657 2548 LOLLIUM.

155 2699 185 2756 Sr
199 2699 273 2754 bene
286 2703 314 2752 te
325 2693 400 2764 novi,
412 2701 530 2763 metues,
543 2693 686 2752 liberrime
701 2694 783 2764 Lolli,
843 2703 845 2708 ’

155 2799 310 2858 scurrantis
322 2797 443 2874 speciem
455 2799 588 2872 praebere‚
601 2796 735 2872 professus
748 2798 881 2858 amicum.

154 2905 198 2962 Ut
211 2911 340 2960 matrona
353 2899 494 2957 meretrici
507 2898 600 2974 dispar
612 2899 665 2956 erit
679 2908 764 2974 atque

155 3005 293 3075 Discolor,
306 3003 396 3061 infido
408 3003 507 3060 scurrae
519 3001 631 3058 distabit
642 3001 757 3058 amicus.

156 3107 280 3170 Esthuic
293 3106 434 3168 diversum
447 3103 517 3166 vitio
529 3103 632 3164 vitium
644 3121 731 3180 prope
741 3103 841 3182 majus,
