2238 3686
190 603 375 662 NOTULAE
400 604 597 664 QUAEDAM
620 606 667 665 IN
688 605 920 670 HORATIUM.

482 805 645 835 au*—

281 973 316 1010 ΙΝ
338 971 524 1014 SATYRARUM
546 974 667 1013 LIBRUM
689 971 825 1010 PRIMUM.

187 1132 205 1177 1.
222 1143 245 1190 4.
260 1146 280 1192 p.
295 1143 316 1177 1·
350 1133 421 1179 Drior
432 1136 441 1163 ‘
448 1134 529 1180 armls'
540 1151 579 1198 pro
590 1133 681 1191 ‘annis’
691 1149 718 1180 ex
728 1127 851 1190 cercillimal,
861 1131 948 1194 opinor,

150 1217 286 1280 conjectura,
302 1230 328 1267 ut
337 1222 430 1268 evitetur
440 1223 564 1283 tautologia.
596 1223 640 1269 Hae
657 1237 717 1276 voces
733 1218 788 1284 saepe
803 1231 948 1268 commutatae

150 1308 295 1355 inveniuntur
304 1325 342 1372 per
352 1310 459 1357 incuriam
468 1311 617 1358 librariorum·
635 1314 651 1340 “
662 1311 738 1369 Miles,
749 1309 795 1372 post
805 1311 875 1370 longae
885 1310 949 1356 mili-

150 1401 167 1426 “
179 1397 217 1443 tiae
227 1397 316 1457 labores,
330 1398 378 1461 jam
394 1401 494 1458 arrnosus,
512 1400 566 1446 dum
582 1400 643 1446 viam
653 1399 721 1462 carpit
737 1399 864 1461 injustosub
874 1414 948 1446 armo-

150 1489 171 1518 “
182 1501 234 1532 rum
244 1485 306 1546 fasce,
322 1487 410 1536 bertum
427 1489 529 1550 praedicat
545 1488 687 1549 agricolam.”
722 1488 756 1534 Sic
767 1488 851 1546 Livius,
865 1489 896 1536 ix.
909 1504 948 1550 19,

149 1575 238 1634 ‘gravis
246 1577 324 1623 armis’
336 1578 407 1624 miles.
426 1576 530 1624 Conferas
539 1577 621 1624 Theoc.
630 1577 675 1624 xvi.
686 1591 723 1638 79.
741 1575 818 1623 Sedulo
824 1577 893 1625 velim
899 1579 948 1626 ani-

151 1663 273 1711 madvertat
284 1665 359 1724 rector,
376 1675 496 1728 utrumque
513 1666 569 1712 inter
585 1665 682 1712 duriores
692 1666 821 1712 conditionis
831 1666 875 1714 lua:
890 1665 948 1714 vices

149 1753 226 1815 queri:
244 1730 387 1801 mercatorem
400 1754 554 1816 ‘tempestate’
569 1754 692 1816 jactatum
715 1755 820 1814 militem,
837 1755 875 1802 sub
892 1759 946 1802 ‘ar-

150 1842 208 1889 mis'
220 1843 261 1889 iter
275 1841 398 1900 facientem.

182 1933 226 1978 IV.
238 1945 276 1993 39.
287 1949 309 1995 p.
320 1932 356 1979 18.
375 1932 482 1979 standum
492 1931 545 1978 duxi
555 1931 614 1978 libris
624 1931 811 1978 consentientibus.
827 1931 949 1981 Construc-
1006 1917 1010 1924 ’

148 2021 180 2067 tio
189 2020 220 2066 est
229 2017 324 2067 minime
343 2029 421 2082 praeter
439 2036 526 2068 morem
536 2030 574 2067 aut
583 2021 726 2081 elegantiam:
744 2023 761 2050 “
773 2021 859 2088 Qribus
876 2021 946 2068 ‘hoc’

148 2111 165 2138 “
175 2109 280 2167 dederim,
297 2105 392 2172 ‘nempe
399 2109 446 2156 eos’
457 2109 498 2156 effe
507 2108 602 2170 poetas.’'

180 2199 213 2245 V.
232 2198 270 2246 82.
297 2215 320 2261 p.
331 2210 370 2260 25.
403 2197 465 2246 ‘Hic
486 2213 526 2256 ego
541 2197 789 2244 mendacem.’-Novae
803 2197 946 2247 distinffionis

148 2301 188 2348 ope
198 2287 246 2333 vim
256 2297 279 2333 et
288 2287 382 2348 gratiam
392 2287 440 2333 loco
450 2285 576 2335 conciliavi:
594 2295 620 2331 ut
630 2285 657 2332 ad
667 2286 698 2330 ix.
719 2299 739 2331 1.

180 2377 225 2424 v1.
242 2389 268 2436 4.
291 2393 312 2438 p.
323 2375 362 2423 26.
393 2374 488 2423 Restitui
497 2374 585 2420 versum
595 2389 622 2419 ex
633 2373 731 2436 pueritiae
743 2389 799 2423 meae
810 2372 945 2438 conjectural,

146 2481 214 2529 quam
224 2464 294 2512 miror
304 2464 330 2511 ab
338 2464 385 2512 aliis
392 2480 436 2510 non
445 2472 586 2526 praereptam:
598 2477 667 2524 neque
676 2461 735 2508 enirn
743 2461 792 2510 satis
803 2463 907 2525 intelligo,
915 2481 944 2512 au

147 2553 253 2602 rectedici
261 2554 322 2618 pollrt
331 2557 339 2584 ‘
346 2553 441 2612 magna}
449 2553 536 2598 numeri
548 2551 628 2597 ‘certi'
640 2560 714 2597 turma
722 2550 834 2610 militaris;
846 2554 943 2600 etabun·

146 2643 173 2691 de
183 2653 241 2706 patet
255 2641 366 2690 ‘Etruscis
377 2641 473 2702 regibus’
484 2641 568 2686 editum
579 2638 618 2684 effe
628 2641 782 2686 Maecenatem.
808 2642 944 2704 Pomponius

145 2735 216 2792 Mela,
232 2733 270 2780 lib.
281 2732 301 2778 1.
312 2730 404 2793 capilii.
420 2729 446 2776 de
456 2728 605 2776 Phoenicibus:
624 2727 685 2774 clalle
694 2728 815 2788 confligere,
833 2732 942 2792 ‘impert

145 2833 191 2869 tare
206 2820 320 2882 gentibus!
353 2821 382 2866 Et
399 2818 456 2874 mihi
472 2817 586 2879 persuadeo
601 2816 704 2862 Flaccum
721 2818 819 2864 nostrum
831 2818 858 2865 ob
868 2821 942 2868 oculos

146 2911 238 2958 habuisse
249 2909 346 2957 Lucretii
355 2909 438 2967 locum,
458 2907 490 2952 iii.
510 2917 581 2964 1041.

240 3020 295 3070 Inde
305 3021 343 3068 alii
353 3021 420 3068 multi
430 3023 438 3050 ‘
447 3018 517 3079 reges’
529 3033 646 3079 rerumque
655 3027 753 3080 potentes

240 3112 405 3172 Occidenmt,.‘
415 3109 500 3171 magnis
511 3109 549 3171 qui
559 3107 659 3168 gentibus
670 3101 845 3168 'mrpcritiruntl
