2238 3686
370 237 550 314 ¹LIRI.
588 251 637 312 vii.
740 317 741 320 Ἴ
861 233 928 304 lor

331 548 594 606 EPISTOLA
633 548 700 604 V11.

384 723 425 761 AD
447 723 657 762 MAECENATEM.

117 891 275 948 Ouruouu
288 890 346 950 dies
359 892 411 950 tibi
424 893 566 969 pollicitus
577 911 624 950 me
635 909 698 949 rure
708 889 847 957 futurum,

115 993 252 1050 Sextilem
266 1002 360 1052 totum
373 997 496 1053 mendax
509 997 655 1053 defideror.
689 993 790 1069 Atqui,

116 1094 145 1151 Si
158 1115 206 1152 me
218 1095 311 1154 vivere
322 1098 373 1169 vis,
388 1099 518 1174 resteque
529 1098 624 1155 videre
634 1098 791 1166 valentem,

117 1199 217 1255 Quam
229 1198 303 1256 mihi
315 1200 363 1257 das
377 1221 462 1276 aegro,
476 1201 554 1259 dabis
567 1209 703 1277 aegrotare
716 1197 839 1267 timenti,

115 1293 270 1371 Maecenas,
283 1301 411 1372 veniam5
434 1302 503 1360 dum
517 1303 587 1360 ficus
598 1302 698 1379 prima,
710 1301 842 1378 calorque

116 1402 333 1478 Defignatorem
346 1405 459 1462 decorat
471 1404 615 1462 licioribus
627 1405 710 1474 atris3

116 1504 196 1562 Dum
209 1505 303 1580 pueris
316 1507 408 1564 omnis
420 1517 508 1582 pater,
526 1515 556 1564 et
567 1507 723 1564 matercula
736 1505 840 1581 pallet3

116 1607 309 1683 Officiosaque
322 1609 462 1680 sedulitas,
477 1619 506 1667 et
519 1609 611 1685 opella
624 1607 740 1666 sorensis

116 1711 245 1767 Adducit
259 1711 359 1782 febres,
373 1722 402 1769 et
416 1712 580 1769 testamenta
594 1711 726 1787 resignat.

118 1815 208 1872 Quod
219 1816 239 1871 fi
252 1818 352 1873 bruma
366 1815 445 1874 nives
457 1816 578 1874 Albanis
591 1815 684 1873 illinet
697 1815 780 1892 agriS,

118 1919 167 1975 Ad
179 1938 257 1976 mare
270 1919 419 1976 descendet
431 1929 509 1976 vates
522 1929 596 1989 tuus,
611 1929 640 1976 et
654 1919 704 1976 fibi
716 1928 822 1994 parcet,

119 2021 345 2096 contradusque
356 2021 448 2097 leget3
471 2031 508 2091 te,
523 2021 611 2078 dulcis
625 2020 724 2090 amice,
739 2020 840 2077 reviset

119 2124 197 2181 Cum
208 2123 355 2200 Zephyris,
371 2122 391 2180 si
404 2122 548 2192 concedes,
563 2131 592 2179 et
605 2123 757 2180 hirundine
770 2117 870 2198 prims.

119 2227 200 2296 Non,
215 2245 272 2302 quo
283 2245 361 2284 more
376 2226 452 2302 pyris
466 2225 538 2282 vesci
552 2225 672 2282 Calaber
680 2224 763 2301 jubet
776 2224 882 2298 hospes,

119 2331 169 2387 Tu
182 2347 229 2385 me
242 2327 331 2385 fecisti
344 2328 524 2404 locupletem.
557 2327 677 2384 Vescere
689 2327 775 2384 sodes.
878 2309 881 2316 ’

120 2433 188 2509 Jam
200 2431 265 2488 satis
283 2431 330 2487 est.
371 2432 414 2488 At
427 2440 460 2487 tu
473 2429 654 2506 quantumvis
668 2430 744 2487 tolle.
778 2429 919 2507 Benigne!

120 2535 153 2594 N
154 2553 192 2591 on
204 2533 294 2590 invisa
305 2533 376 2590 feres
387 2533 480 2608 pueris
493 2533 660 2590 munuscula
674 2531 776 2608 parvis.

121 2639 198 2696 Tam
211 2645 309 2694 teneor
321 2637 406 2705 dono,
419 2636 538 2710 quamsi
552 2633 680 2692 dimittar
692 2635 814 2692 onustus.

122 2743 167 2799 Ut
177 2741 260 2798 libet:
283 2740 344 2796 haec
356 2738 448 2814 porcis
461 2737 545 2795 hodie
556 2738 730 2795 comedenda
742 2737 886 2812 relinquis.

122 2843 270 2920 Prodigus,
283 2850 313 2899 et
324 2841 423 2898 stultus
434 2841 530 2909 donat,
544 2859 608 2915 quae
619 2839 725 2915 spernit
739 2848 768 2896 et
779 2840 848 2898 odit.

122 2948 197 3005 Haee
210 2946 288 3022 seges
300 2945 425 3021 ingratos
439 2942 515 3012 tulit,
529 2951 559 2998 et
571 2942 643 2999 feret
656 2942 787 2998 omnibus
801 2941 890 2999 annis.

123 3050 178 3107 Vir
190 3052 291 3119 bonus,
304 3055 334 3104 et
347 3045 456 3122 sapiens
469 3044 564 3122 dignis
577 3043 617 3101 ait
630 3043 685 3101 esse
697 3051 827 3118 paratus,

123 3154 190 3212 Nec
204 3162 300 3212 tamen
312 3150 426 3228 ignorat
440 3147 509 3224 quid
520 3147 622 3206 distent
636 3165 690 3207 aera
703 3145 816 3224 lupinis.
