2238 3686
343 237 402 295 DE
426 239 547 298 ARTE
572 238 781 298 ΡΟΕΤΙΟΑ.
903 238 958 304 157

165 353 378 439 Mobilibusque
389 367 472 424 decor
483 366 590 424 naturis
603 367 720 436 dandus,
734 374 764 422 et
774 361 865 423 antris.

166 466 294 524 Reddere
307 467 357 542 qui
369 486 451 526 voces
459 469 520 546 jam
532 470 585 528 scit
596 488 675 546 puer,
689 479 718 526 et
731 469 803 544 pede
816 476 892 525 certo

164 567 266 644 Signat
278 569 409 640 humum,
424 572 505 648 gestit
518 572 630 648 paribus
643 571 794 641 colludere,
807 580 836 628 et
847 570 918 628 iram

166 670 286 747 Colligit
298 691 331 729 ac
342 673 425 749 ponit
437 685 553 745 temere,
567 683 596 732 et
609 683 737 732 mutatur
748 673 780 730 in
793 673 883 731 horas.

164 773 312 830 Imbetbus
321 772 441 850 juvenis,
456 777 572 834 tandem
585 777 696 834 custode
709 783 827 845 remote,

166 876 280 932 Gaudet
288 877 376 952 equis,
388 876 568 955 canibusque,
577 887 606 936 et
615 878 701 954 aprici
713 877 841 954 gramine
851 876 959 954 campis

165 977 314 1034 Cereusin
327 977 430 1036 vitium
442 980 528 1050 flesti,
545 979 731 1038 monitoribus
745 980 831 1056 asper,

141 1079 142 1082 ’
166 1077 292 1138 Utilium
305 1081 401 1138 tardus
413 1081 545 1156 provisor,
558 1082 691 1160 prodigus
705 1081 776 1152 aeris,

165 1181 307 1252 Sublimis,
321 1182 503 1260 cupidusque,
516 1195 546 1242 et
556 1196 650 1242 amata
663 1184 820 1260 relinquere
832 1160 946 1260 pernix]
981 1175 982 1178 ¹

168 1284 314 1342 Conversis
327 1285 431 1356 studiis,
445 1296 512 1344 aetas
523 1286 689 1362 animusque
701 1286 788 1344 virilis

166 1387 280 1450 Quaerit
292 1407 358 1464 opes
370 1398 400 1446 et
413 1389 559 1460 amicitias,
573 1389 689 1446 inservit
701 1388 810 1458 honori,

165 1490 340 1548 Commififfe
352 1501 433 1550 cavet
445 1492 521 1568 quod
534 1511 602 1548 mox
615 1499 725 1549 mutare
738 1491 852 1549 laboret.

165 1593 261 1650 Multa
274 1592 370 1652 senem
382 1593 607 1656 circumveniunt
618 1593 811 1664 incommoda;
825 1592 871 1651 vel
884 1594 960 1669 quod

166 1696 287 1766 Quaerit,
301 1706 331 1754 et
342 1696 464 1756 inventis
477 1695 561 1754 miser
573 1695 701 1765 abstinet,
715 1715 748 1753 ac
763 1696 846 1754 timet
858 1695 919 1766 uti;

164 1799 219 1856 Vel
233 1800 309 1875 quod
322 1817 364 1856 res
376 1818 473 1856 omnes
487 1797 586 1857 timide
599 1799 747 1876 gelideque
760 1798 907 1870 ministrat,

165 1901 285 1971 Dilator,
299 1901 347 1978 spe
359 1901 470 1978 longus,
484 1901 567 1973 iners,
580 1901 754 1978 pavidusque
767 1901 866 1972 futuri,

164 2003 306 2076 Difficilis,
320 2005 462 2080 querulus,
476 2005 604 2062 laudator
617 2003 750 2080 temporis
764 2004 820 2062 asli

164 2109 199 2165 Se
211 2126 308 2184 puero,
322 2107 418 2166 censor
431 2107 633 2183 castigatorque
646 2106 799 2164 minorum.

164 2211 260 2268 Multa
273 2212 369 2268 serunt
381 2209 448 2268 anni
460 2207 605 2267 venientes
617 2209 766 2266 commoda
780 2208 883 2280 secum,

164 2313 261 2370 Multa
273 2314 433 2371 recedentes
447 2311 593 2370 adimunt:
615 2329 651 2368 ne
664 2311 736 2368 forte
750 2311 850 2370 seniles

164 2416 339 2472 Mandentur
347 2414 445 2491 juveni
458 2423 558 2490 partes,
571 2427 714 2490 pueroque
728 2413 828 2484 viriles,

164 2519 279 2594 Semper
291 2517 322 2574 in
335 2515 471 2593 adjunctis
485 2533 600 2591 aevoque
614 2515 787 2574 morabimur
799 2518 879 2594 aptis.
952 2551 955 2558 ·

163 2622 226 2680 Aut
238 2620 332 2696 agitur
345 2637 387 2678 res
399 2619 429 2676 in
443 2617 539 2689 scenis,
553 2627 602 2675 aut
616 2619 676 2676 acta
692 2619 827 2678 refertur:

165 2723 283 2801 Segnius
295 2723 406 2781 irritant
417 2723 524 2780 aninms
535 2719 649 2780 demissa
661 2741 711 2798 per
722 2741 829 2794 aurem,

166 2828 263 2885 Quam
274 2845 337 2902 quae
348 2827 412 2883 sunt
425 2823 515 2882 oculis
524 2822 644 2900 subjecta
659 2824 797 2895 fidelibus,
808 2831 837 2882 et
850 2843 914 2901 quae

165 2929 227 3006 lpse
241 2929 291 2986 fibi
304 2929 389 2999 tradit
402 2927 547 3005 spee‘tator.
587 2926 656 2984 Non
668 2937 764 2984 tamen
776 2926 853 2984 intus

163 3031 261 3108 Digna
274 3030 342 3107 geri,
354 3049 464 3106 promes
477 3028 508 3086 in
521 3028 650 3100 scenam3
672 3029 818 3104 multaque
831 3029 912 3090 tolles

164 3133 208 3190 Ex
220 3132 317 3206 oculis,
330 3151 393 3208 ques
406 3151 474 3192 mox
492 3139 585 3190 narret
598 3131 730 3196 facundia
742 3131 877 3208 praesens:
950 3143 954 3184 ς
