2238 3686
410 216 506 274 LIB.
540 216 565 274 l.
605 213 653 274 vii.
885 219 938 272 103

36 341 39 346 '
133 340 275 413 Demetri,
289 342 371 417 (puer
384 341 431 400 hic
444 361 502 400 non
515 344 584 400 laeve
594 341 667 418 julla
679 340 802 417 Philippi

133 443 317 520 Accipiebat)
331 444 392 514 abi;
407 465 510 520 quaere,
519 457 548 503 et
556 446 631 504 refer
635 471 644 516 3
658 445 735 503 unde
743 445 843 514 dom03
859 443 935 519 quis;

132 545 223 621 Cujus
237 547 373 618 fortunae3
394 567 452 623 quo
465 549 498 605 sit
511 557 599 624 patre,
614 567 706 623 quove
719 557 847 623 patrono.

132 651 170 721 It,
185 651 267 722 redit,
281 660 310 709 et
322 662 417 710 narrat
422 677 430 723 3
452 652 603 710 Vulteium
615 652 731 710 nomine
745 653 875 722 Menam,

133 753 304 824 Praeconem,
319 755 399 812 tenui
411 756 505 825 censu,
521 755 579 813 fine
592 754 710 812 crimine
723 764 823 812 natum
830 780 838 824 ;

132 857 170 914 Et
183 875 332 932 properare
344 857 417 928 loco,
431 870 460 914 et
473 857 590 928 collare,v
599 867 628 915 et
641 875 776 933 quaerere,
791 865 821 914 et
835 857 886 929 uti,

113 963 118 972 '
131 959 314 1016 Gaudentem
327 959 475 1036 parvisque
486 960 634 1031 sodalibus,
649 969 679 1018 et
690 961 748 1018 lare
762 970 852 1032 curto,

131 1064 170 1121 Et
182 1064 266 1133 ludis,
280 1073 319 1135 et,
333 1065 395 1140 post
405 1064 497 1122 decisa
510 1063 635 1141 negotia,
649 1065 770 1140 Campo

132 1165 233 1223 Scitari
245 1165 316 1223 libet
329 1187 365 1224 ex
379 1166 438 1242 ipso
452 1186 629 1243 quaecunque
642 1167 741 1224 refers:
765 1167 811 1224 dic

130 1270 181 1330 Ad
194 1289 307 1327 coenam
319 1269 423 1327 veniat.
464 1271 534 1328 Non
548 1269 614 1326 sane
626 1271 739 1327 credere
753 1271 857 1328 Mena:

132 1372 234 1430 Mirari
248 1373 343 1430 secum
356 1372 467 1432 tacitus.
500 1371 582 1430 Quid
592 1373 700 1430 multa?
722 1372 863 1448 Benigne!

131 1475 301 1550 Respondet.
316 1476 413 1552 Neget
423 1475 472 1532 ille
483 1475 572 1532 mihi?
595 1475 693 1551 Negat
704 1473 857 1551 improbus,
869 1483 899 1533 et
907 1484 936 1533 te

131 1579 274 1656 Negligit,
290 1587 339 1636 aut
351 1580 454 1636 horret.
495 1578 645 1636 Vulteium
656 1597 741 1637 mane
752 1580 907 1657 Philippus,

130 1682 209 1739 Vilia
222 1683 393 1739 vendentem
407 1682 534 1739 tunicato
547 1679 639 1740 scruta
652 1683 773 1758 popello,

130 1784 271 1861 Occupat,
286 1795 315 1842 et
326 1785 430 1842 salvere
439 1784 523 1861 jubet
535 1784 620 1861 prior.
660 1785 714 1843 llle
727 1785 857 1864 Philippo

130 1888 273 1945 Excusare
285 1889 420 1957 laborem,
434 1897 464 1944 et
477 1888 649 1946 mercenaria
663 1889 766 1960 vincla,

130 1992 221 2048 Quod
239 2010 298 2048 non
315 2009 400 2048 mane
420 1991 539 2048 domum
559 1990 688 2062 venillet5
716 1992 840 2069 denique
858 1996 935 2069 quod

210 2113 268 2150 non

129 2192 294 2254 Providiffet
307 2215 383 2254 eum.
424 2187 470 2254 Sic
483 2196 619 2274 ignovisse
631 2207 734 2274 putato

129 2302 182 2358 Me
196 2300 258 2371 tibi,
273 2300 294 2357 fi
307 2320 400 2358 coenas
413 2300 499 2359 hodie
512 2321 634 2360 mecum.
675 2304 719 2360 Ut
731 2303 816 2360 libet!
839 2305 915 2383 Ergo

129 2405 192 2462 Post
211 2423 317 2460 nonam
329 2403 439 2461 venies:
461 2405 571 2474 nauci,
588 2423 649 2462 rem
660 2406 786 2464 strenuus
799 2427 882 2484 auge.

128 2507 173 2565 Ut
184 2516 303 2564 ventum
316 2509 353 2564 ad
365 2527 477 2565 coenam
490 2508 537 2578 est,
549 2507 668 2565 dicenda
682 2511 801 2567 tacenda
813 2511 933 2580 locutus,

127 2611 261 2667 Tandem
274 2609 430 2669 dormitum
443 2609 605 2668 dimittitur.
646 2610 714 2682 Hic,
728 2613 779 2669 ubi
792 2613 864 2690 saepe

130 2713 287 2772 Occultum
298 2713 373 2770 visus
387 2714 534 2770 decurrere
547 2712 629 2788 piscis
642 2718 678 2773 ad
692 2714 820 2786 hamum,

128 2817 220 2873 Mane
233 2815 329 2886 cliens,
343 2824 372 2872 et
382 2814 444 2891 jam
456 2825 551 2873 certua
561 2816 689 2888 conviva,
700 2816 818 2894 jubetur

128 2921 206 2976 Rura
216 2919 376 2977 suburbana
389 2919 502 2977 indictis
514 2938 608 2976 comes
621 2919 662 2976 ire
675 2921 794 2977 Latinis.

129 3021 280 3098 Impofitus
293 3022 414 3092 mannis,
428 3041 528 3080 arvum
540 3022 701 3097 coelumque
714 3022 851 3081 Sabinum

129 3125 200 3182 Non
213 3123 298 3183 ceffat
311 3125 438 3196 laudare3
461 3124 549 3194 videt,
563 3123 693 3200 ridetque
706 3125 864 3203 Philippus:
