2238 3686
398 232 492 289 usn.
525 231 565 288 Π.
604 229 635 288 n
681 217 706 316 ᾗ
858 227 910 288 nr

113 357 240 414 Carmen
253 352 378 432 majestas
391 357 491 435 recipit
504 365 562 428 tua,
576 377 629 415 nec
641 376 721 415 meus
732 346 817 415 audet

112 459 189 533 Rem
199 470 309 518 tentare
320 463 418 537 pudor,
433 481 519 538 quarn
531 462 603 520 vires
615 463 687 520 ferre
697 464 832 521 recusent.

112 563 254 620 Sedulitas
268 573 372 634 autern,
387 565 468 624 llultc
480 585 565 641 quem
579 559 682 643 diligit,
697 576 813 642 urguet3

111 667 257 742 Praecipue
270 687 336 724 curn
350 668 378 724 se
391 668 514 725 numeris
527 669 716 738 commendat,
733 680 762 726 et
776 678 850 726 arte:

113 769 208 826 Discit
218 770 295 827 enim
309 771 401 838 citius,
415 770 601 845 meminitque
614 770 756 841 libentius,
770 772 851 842 illud,

113 872 204 929 Quod
215 873 277 948 quis
289 873 404 944 deridet,
414 859 500 948 quarn
511 875 586 948 quod
595 863 703 949 probat,
715 883 745 931 ct
752 881 907 934 venerut-ur¹

110 975 167 1032 Nil
177 995 271 1032 moror
281 975 417 1046 officium,
430 977 505 1052 quod
513 995 559 1034 me
570 985 681 1054 gravat5
697 996 729 1034 ac
740 997 831 1053 neque
843 979 910 1037 ficto
923 1017 924 1024 κ

112 1079 149 1134 In
161 1077 240 1154 pejus
253 1079 335 1136 vultu
347 1078 465 1156 proponi
478 1097 573 1136 cereus
586 1099 715 1155 usquam,

111 1181 145 1237 N
146 1199 181 1241 cc,
190 1199 275 1255 prave
288 1176 368 1238 factis
381 1181 505 1238 decorari
518 1183 638 1239 versibus
652 1179 733 1258 opto:

112 1281 162 1339 Ne
174 1284 290 1339 rubeam
303 1282 404 1359 pingui
416 1284 535 1340 donatus
549 1303 675 1354 munere,
689 1295 718 1341 et
731 1304 788 1342 una
865 1281 867 1286 ’

113 1386 191 1441 Cum
203 1384 334 1460 scriptore
345 1405 418 1455 meo,
432 1385 666 1462 capsl'porrettus
679 1387 784 1462 operti,

112 1487 232 1544 Deserat
244 1488 275 1544 in
288 1487 382 1544 vicum
394 1487 565 1546 vendentem
577 1500 631 1560 tus,
646 1497 674 1546 et
682 1491 791 1560 ¹odores,

56 1631 59 1636 -
113 1593 151 1647 Et
161 1590 250 1666 piper,
265 1601 294 1648 et
306 1591 445 1667 quidquid
458 1593 561 1651 chartis
575 1593 707 1652 amicitur
721 1595 861 1671 inemptis.
907 1581 910 1590 ἡ

307 1962 621 2021 EPISTOLA
672 1965 712 2021 II.

339 2138 380 2176 AD
402 2137 522 2183 JULIUM
544 2139 681 2176 FLORUM.

67 2378 71 2389 Ι
110 2305 224 2378 From,
237 2308 312 2366 bono
325 2307 456 2382 claroque
469 2307 559 2365 fidelis
572 2307 662 2365 amice
675 2308 805 2380 Neroni„

112 2412 140 2470 Si
154 2411 216 2488 quis
227 2412 300 2468 forte
313 2411 380 2470 velit
393 2430 513 2486 puerum
527 2411 580 2468 tibi
592 2412 720 2482 vendere,
734 2399 834 2472 natum

110 2514 218 2572 Tibure
228 2515 273 2572 vel
285 2513 390 2583 Gabiis,
405 2523 434 2570 et
447 2523 542 2570 tecum
555 2495 689 2590 'fic'agnts
710 2515 777 2586 Hic,
789 2527 819 2574 et

111 2618 255 2674 Candidus
268 2626 298 2674 ct
310 2617 380 2674 talos
394 2635 410 2673 a
422 2616 526 2674 vertice
538 2617 655 2692 pulcher
669 2619 704 2674 ad
715 2617 795 2689 imos,

110 2719 172 2777 Fiet
184 2720 293 2795 eritque
305 2727 371 2776 tuus
384 2739 567 2776 nummorum
580 2719 705 2778 millibus
718 2722 794 2792 ott03
885 2743 887 2748 ¹

109 2823 206 2880 Vema
216 2821 374 2880 ministeriis
388 2823 423 2880 ad
437 2831 522 2880 nutus
536 2831 617 2898 aptus
631 2823 740 2893 heriles,

110 2923 254 2982 Litterulis
268 2925 372 2982 Graecis
384 2924 520 2994 imbutus,
535 2921 653 2983 idoneus
666 2925 720 2983 arti

110 3027 236 3086 Cuilibet
242 3055 250 3099 5
273 3027 372 3104 argilla
385 3027 495 3103 quidvis
506 3027 659 3085 imitaberis
672 3028 743 3085 udis:

111 3131 191 3190 Quin
205 3131 293 3190 etiarn
306 3139 388 3188 canet
401 3111 562 3201 indoctum,'
571 3129 618 3188 sed
629 3115 724 3203 dulcess
735 3129 858 3192 bibenti:
900 3117 909 3172 s·
