2242 3680
421 191 514 248 LIB.
542 192 582 249 Il.
623 190 664 248 iii.
701 203 704 212 ’
902 193 939 256 57

140 317 168 374 Si
180 314 294 392 quidvis
307 309 372 372 satis
385 317 432 387 est,
446 316 580 394 perjuras,
592 316 714 392 surripis,
730 316 823 383 aufers

138 419 295 494 Undique?
318 419 377 494 tun'
391 419 489 476 sanus?
511 420 651 495 Populum
665 419 803 476 ficaedere
816 417 888 475 saxis

139 522 272 598 Incipias,
286 522 420 591 servosve,
440 536 489 578 tuo
502 542 572 597 quos
584 541 639 578 aere
651 521 763 597 parariS,

140 626 277 683 Insanum
291 635 319 684 te
331 609 430 682 omnes
440 625 521 700 pueri
534 625 714 699 clamentque
724 625 840 700 puellae:

141 731 217 786 Cum
229 729 331 804 laqueo
343 747 462 784 uxorem
476 727 624 797 interimis,
636 737 813 802 matremque
822 746 939 797 veneno,

140 831 285 890 Incolumi
303 831 395 906 capite
408 832 453 886 cs?
485 829 566 887 Quid
584 829 630 886 ni?
654 849 745 906 neque
758 841 791 888 tu
804 831 858 887 hoc
872 830 941 888 facia

219 934 316 1010 Argis,

140 1041 205 1098 Nec
217 1039 302 1108 ferm,
316 1046 350 1094 ut
360 1035 658 1111 demens·genitricem
671 1035 775 1094 occidis
788 1036 907 1094 Oresten

140 1147 190 1202 An
203 1151 237 1206 tu
248 1141 314 1200 reris
327 1160 394 1198 eum
406 1138 496 1196 occisa
509 1137 638 1195 insanlffe
650 1141 782 1214 parente?

140 1249 186 1307 Ac
200 1265 259 1302 non
273 1252 339 1306 ante
357 1234 438 1300 malis
456 1243 620 1302 dementem
634 1242 729 1298 adium
740 1243 762 1298 F
763 1242 839 1313 uuis,
854 1262 941 1318 quam

142 1352 177 1407 In
190 1348 289 1406 matris
299 1347 400 1425 jugulo
413 1347 519 1402 fimum
532 1343 665 1419 tepefecit
679 1348 812 1402 acutum?

143 1453 234 1522 Quin,
247 1470 285 1508 ex
296 1470 353 1526 quo
366 1451 405 1507 est
416 1448 529 1506 habitus
540 1447 615 1504 male
624 1456 693 1504 tutae
705 1448 817 1518 mentis,
832 1449 942 1506 Orestes

141 1557 193 1617 Nil
208 1556 275 1615 sane
289 1553 357 1610 fecit
370 1553 446 1627 quod
460 1562 492 1608 tu
505 1552 670 1627 reprendere
682 1551 782 1626 poffis:

142 1662 212 1717 Non
227 1658 351 1734 Pyladen
364 1656 438 1712 ferro
451 1655 564 1724 violare,
579 1655 695 1712 aususve
709 1655 832 1712 sororem

143 1763 299 1830 Eledtrarlr3
323 1766 438 1816 tantum
450 1757 595 1815 maledicit
607 1757 729 1834 utrique,
744 1761 872 1818 vocando

143 1870 237 1936 Hanc,
252 1864 379 1933 Furiam3
402 1863 487 1932 hunc,
503 1861 594 1932 aliud5
610 1860 690 1938 juffit
703 1864 779 1938 quod
798 1863 943 1940 splendida

221 1969 295 2026 bilis.
858 1974 860 1979 ’

143 2076 251 2149 Pauper
263 2069 397 2146 Opimius
410 2067 521 2144 argenti
534 2067 616 2142 pofiti
629 2067 705 2124 intus
719 2077 748 2126 et
762 2069 832 2140 auri,

145 2178 206 2234 Qui
217 2175 411 2233 Veientanum
424 2171 498 2228 festis
511 2181 608 2246 potare
621 2171 718 2228 dicbus

145 2278 292 2356 Campana
305 2275 402 2336 solitus
415 2274 509 2344 trulla,
527 2293 703 2350 vappamque
716 2274 852 2351 profestis,

146 2385 303 2442 Quondam
315 2369 444 2456 lethargo
459 2379 558 2454 grandi
571 2357 610 2436 est¹
621 2379 772 2455 opprelsus,
786 2389 819 2438 ut
832 2380 912 2438 heres

146 2475 211 2566 Jam
223 2488 331 2544 circum
344 2484 449 2542 loculos
462 2491 492 2541 ct
505 2482 595 2540 claves
609 2481 699 2553 laetae,
713 2503 865 2559 ovansque,

146 2593 293 2650 Curreret:
320 2589 397 2645 hunc
414 2585 549 2655 medicus,
571 2585 696 2643 multum
714 2587 787 2644 celer
805 2595 890 2662 atque
907 2586 942 2643 fi-

225 2693 304 2762 delia,
393 2756 396 2762 ¹

146 2797 261 2857 Excitat
274 2796 327 2852 hoc
340 2795 436 2870 padto3
458 2791 587 2850 mensam
598 2793 666 2868 poni
675 2791 767 2866 jubet,
782 2799 867 2866 atque

147 2901 265 2959 Effundi
275 2900 366 2956 saccos
379 2915 576 2965 nummorum3
600 2897 731 2952 accedere
743 2895 836 2970 plures

148 3007 196 3064 Ad
215 3004 436 3062 numerandum:
459 2999 606 3058 hominem
630 2999 667 3058 fic
689 2999 787 3076 erigit:
816 2999 895 3058 addit
915 3009 945 3058 et

225 3107 307 3178 illud,
