2242 3680
164 203 202 254 12
408 198 720 269 sERMoNUM,

162 323 302 381 Currebat
315 323 429 401 fugiens
442 326 549 384 hostem
556 349 563 396 3
586 325 708 401 persaepe
718 325 796 382 velut
809 321 860 398 qui

160 425 282 500 Junonis
295 426 371 484 sacra
385 428 484 485 ferret:
509 428 603 486 alebat
615 427 688 502 saepe
700 427 846 494 ducentos,

162 527 241 602 Saepe
254 529 353 586 decem
366 529 472 588 servos:
498 531 583 586 modo
597 549 675 606 reges
689 537 774 604 atque
788 525 951 596 tetrarchas,

163 627 271 687 Omnia
291 650 405 708 magna,
430 633 562 708 loquens5
592 632 688 701 niodo,
714 629 757 686 Sit
775 627 849 686 mihi
868 627 965 686 mensa

229 731 334 808 tripes,
354 743 384 790 et

149 833 278 890 ‘Concha
292 835 354 892 salis
367 835 440 911 puri,
464 843 494 893 et
506 846 583 912 toga,
604 855 668 910 quae
681 835 831 892 defendere
844 833 944 910 frigus,

162 935 302 993 Quamvis
315 937 409 1008 crassa,
424 947 522 1013 queat:
545 936 635 994 decies
648 945 767 994 centena
782 936 900 994 dediffes

159 1037 238 1094 Huie
250 1059 344 1114 parco,
357 1039 455 1114 paucis
468 1048 612 1110 contento,
626 1038 753 1114 quinque
766 1037 866 1095 diebus
957 1113 959 1116 Ι

159 1141 213 1198 Nil
225 1151 286 1200 erat
299 1143 330 1199 in
343 1143 455 1200 loculis:
478 1143 573 1200 nottes
585 1142 723 1219 vigilabat
736 1143 772 1199 ad
786 1141 880 1217 ipsum

159 1244 258 1314 Mane,
278 1244 356 1302 diem
369 1254 463 1302 totum
476 1245 621 1302 stertebat:
644 1245 685 1301 nil
699 1245 756 1301 fuit
768 1263 897 1320 unquam

160 1345 205 1402 Sic
219 1345 310 1423 impar
324 1347 384 1404 fibi.
415 1348 503 1404 Nunc
516 1345 617 1422 aliquis
630 1346 707 1404 dieat
719 1347 801 1416 mihi,
816 1346 898 1404 Quid
912 1349 962 1404 tu?

158 1449 286 1508 Nullane
299 1449 385 1507 habes
397 1449 483 1507 vitia?
505 1450 569 1506 Imo
583 1449 647 1519 alia,
661 1456 691 1505 et
703 1449 816 1506 fortaffe
827 1447 950 1506 minora.

158 1550 283 1608 Maenius
295 1552 439 1610 absentem
448 1551 576 1610 Novium
585 1571 651 1608 eum
662 1560 801 1627 carperet3
817 1551 906 1623 Heus,
919 1549 962 1623 tu,

158 1652 288 1710 Quidam
302 1653 351 1724 ait,
365 1653 478 1728 ignoras
492 1656 536 1710 te?
558 1673 595 1710 an
608 1661 642 1710 ut
654 1650 787 1728 ignotum
800 1654 866 1710 dare
879 1653 963 1712 nobis

156 1756 251 1812 Verba
265 1757 366 1830 putas?
388 1757 511 1830 Egomet
524 1756 565 1811 mi
577 1754 701 1831 ignosce,
715 1754 839 1811 Maenius
852 1755 958 1830 inquit.

156 1857 264 1914 Stultus
277 1865 306 1914 et
317 1855 462 1932 improbus
475 1855 522 1913 hic
533 1875 613 1915 amor
623 1857 670 1926 est,
684 1857 844 1933 dignusque
854 1857 959 1915 notari:

155 1960 235 2016 Cum
248 1967 297 2015 tua
310 1957 462 2034 praevideas
475 1957 563 2015 oculis
576 1958 651 2016 male
664 1957 757 2034 lippus
769 1953 902 2030 inuritur,

156 2062 217 2119 Cur
229 2060 260 2116 in
274 2061 431 2118 amicorum
444 2059 519 2117 vitiis
533 2068 594 2117 tam
607 2059 696 2117 cernis
710 2069 837 2130 acutum,

156 2164 256 2221 Quam
269 2172 320 2220 aut
333 2161 436 2238 aquila,
457 2171 507 2220 aut
518 2161 627 2237 serpeus
641 2161 827 2240 Epidaurius?
849 2163 892 2220 At
906 2163 961 2222 tibi

190 2307 198 2321 -.
234 2274 333 2322 contra
636 2263 638 2268 ’

155 2368 265 2437 Evenit,
280 2366 426 2442 inquirant
438 2365 508 2426 vitia
521 2375 554 2423 ut
568 2374 617 2422 tua
629 2365 723 2423 rursus
735 2373 766 2422 et
777 2365 829 2422 illi.

154 2468 319 2529 Iracundior
331 2471 371 2526 est
382 2455 482 2544 pauloj
503 2469 598 2526 minus
612 2477 693 2544 aptus
707 2467 796 2526 acutis

154 2571 280 2632 Naribus
293 2570 397 2628 horum
410 2570 569 2628 hominum.
610 2569 707 2627 Rideri
726 2569 819 2646 poffit,
833 2573 960 2647 eoquod

154 2673 294 2732 Ruiiieius
307 2672 387 2730 tonso
401 2681 469 2748 toga
482 2671 591 2742 defluit,
612 2680 641 2728 et
655 2672 730 2728 male
741 2672 823 2730 laxus

154 2778 189 2834 In
202 2777 273 2852 pede
286 2775 395 2832 calceus
407 2774 504 2832 haeret.
532 2775 575 2830 At
588 2774 627 2830 est
640 2777 742 2848 benus,
754 2784 788 2832 ut
800 2776 901 2834 melior
911 2776 957 2835 vir

154 2879 224 2938 Non
238 2878 308 2936 alius
321 2875 484 2953 quisquam:
511 2884 541 2933 at
554 2875 607 2933 tibi
620 2875 727 2935 amicus
733 2901 742 2948 3
765 2885 794 2936 at
807 2877 957 2954 ingenium

168 3053 172 3060 1
232 3000 334 3058 ingens
424 3021 426 3026 .
452 3003 478 3044 fa

154 3083 267 3156 Inculto
280 3082 350 3140 latet
363 3083 417 3140 hoc
431 3050 482 3140 sui)
495 3101 622 3159 corpore:
646 3082 776 3160 denique,
791 3092 819 3142 te
832 3083 925 3162 ipsum
997 3051 1000 3055 Ι
