2238 3686
429 217 520 275 niu.
546 219 576 274 1,
609 215 620 273 i
892 219 930 286 sy

130 339 160 398 Si
172 341 258 400 modo
271 342 389 401 culturae
402 343 559 419 patientem
571 344 733 402 commodet
743 359 850 400 aurem.

129 444 230 502 Virtus
243 445 283 502 est
294 445 397 504 vitium
410 447 517 522 fugere,
532 457 561 504 et
575 446 710 523 sapientia
723 445 814 521 prima

130 547 259 604 stultitia
272 548 395 606 caruisse.
435 549 532 619 Vides,
547 569 611 625 quae
624 548 749 608 maxilua
761 547 851 606 credis

130 649 195 707 Effe
207 650 292 721 mala,
306 649 444 728 exiguum
454 652 579 722 censum,
599 661 767 727 turpemque
780 651 928 726 repulsam,

132 754 253 810 Quanto
266 753 372 812 devites
386 754 483 812 animo
495 754 651 830 capitisque
663 755 771 813 labore:

132 855 260 931 Impiger
271 865 413 914 extremos
425 856 513 914 cunis
524 869 664 914 mercator
676 858 712 914 ad
726 857 820 928 Indos,

131 959 185 1016 Per
197 977 284 1029 mare,
303 959 467 1035 pauperiem
479 960 601 1036 fugiens,
619 979 670 1036 per
683 961 756 1031 saxa,
770 979 821 1037 per
832 959 928 1037 ignes:

131 1062 181 1118 Ne
193 1079 272 1119 cures
285 1081 328 1130 ea,
341 1081 405 1137 quae
416 1062 499 1120 stulte
511 1063 620 1121 miraris
632 1075 661 1122 et
674 1074 764 1140 optas,

131 1164 247 1232 Discere
258 1173 288 1222 et
299 1164 396 1222 audire
405 1175 435 1222 et
447 1164 557 1222 meliori
570 1167 682 1225 credere
695 1187 753 1224 non
766 1168 825 1225 vis?

133 1267 209 1324 Quis
223 1266 330 1325 circum
343 1287 430 1345 pagos
445 1277 474 1325 et
487 1268 595 1326 circum
607 1270 731 1346 compita
743 1289 870 1347 pugnax,

132 1371 243 1447 Magna
257 1371 383 1429 coronari
396 1379 563 1430 contemnat
576 1371 722 1448 Olympia,
737 1371 783 1429 cui
796 1373 866 1449 spes,

131 1473 189 1532 Cui
203 1474 237 1530 s1t
250 1473 375 1532 conditio
388 1474 478 1532 dulcis
490 1476 547 1532 fine
560 1475 675 1549 pulvere
687 1475 806 1549 palmae?

130 1575 225 1633 Vilius
238 1586 389 1652 argentum
400 1577 440 1634 est
453 1595 529 1645 auro,
544 1575 696 1634 virtutibus
709 1595 820 1634 aurum.

131 1679 160 1736 Ο
173 1679 260 1738 cives!
277 1679 364 1736 cives!
389 1681 539 1754 quaerenda
550 1678 669 1754 pecunia
681 1679 807 1756 primum
819 1682 876 1753 est,

130 1781 230 1839 Virtus
243 1781 303 1857 post
315 1800 456 1840 nummos
496 1783 568 1839 Haec
580 1782 668 1858 Janus
681 1783 808 1842 summus
821 1787 857 1843 ab
870 1785 932 1844 imo

129 1887 281 1944 Producet:
297 1885 359 1944 haec
369 1885 500 1944 recinunt
506 1884 625 1963 juvenes
632 1886 736 1946 diuae
744 1887 887 1965 senesque,
899 1902 931 1950 et

132 1992 217 2048 Laevo
230 1989 351 2066 suspensi
362 1990 468 2047 loculos
482 1989 667 2065 tabulamque
677 1991 790 2049 lacerto.

130 2093 179 2150 Est
191 2092 303 2153 animus
315 2091 377 2163 tibi,
391 2092 458 2150 sunt
467 2111 570 2162 mores,
584 2092 623 2149 est
636 2092 743 2170 lingua,
758 2095 899 2171 fidesque:
911 2145 915 2154 .

130 2196 159 2253 Si
171 2194 386 2272 quadn'ngentis
399 2195 457 2264 sex,
471 2193 588 2270 septem,
603 2194 692 2252 millia
705 2196 816 2269 desunt,

129 2300 211 2358 Plebs
225 2298 286 2358 eris.
326 2300 369 2356 At
381 2296 461 2374 pueri
474 2297 611 2367 ludentes,
632 2299 693 2355 Rex
706 2297 768 2368 eris,
788 2299 879 2371 aiunt,

131 2403 160 2460 Si
172 2403 246 2460 roste
258 2401 351 2462 facies.
392 2401 450 2458 Hic
461 2418 559 2458 murus
571 2399 693 2456 aheneus
706 2400 772 2471 est0,

130 2505 184 2564 Nil
197 2503 321 2562 conscire
334 2502 394 2573 fibi,
408 2503 486 2560 nulla
498 2502 646 2578 pallescere
660 2503 750 2578 culpi.

130 2607 231 2666 Roscia
244 2607 303 2681 (dic
316 2605 407 2679 sodes)
420 2603 522 2663 melior
534 2605 590 2674 lex,
599 2623 636 2662 an
646 2623 797 2680 puerorum
810 2609 853 2666 est

130 2710 247 2781 Naenia,
259 2730 323 2786 quae
335 2728 456 2786 regnum
469 2709 543 2767 reete
555 2707 724 2767 facientibus
735 2711 830 2782 offert,

129 2815 169 2872 Et
181 2813 306 2872 maribus
319 2811 412 2870 Curiis
424 2820 454 2869 et
466 2811 614 2870 decantata
628 2812 776 2870 Camillis?

130 2918 196 2975 Isne
210 2915 263 2974 tibi
275 2915 376 2974 melius
388 2914 494 2984 suadet,
507 2914 557 2989 qui
570 2933 632 2972 rem
644 2914 738 2985 facias,
751 2934 830 2987 rem,

131 3019 160 3077 Si
174 3019 265 3096 pollis,
285 3019 368 3090 κᾶε,
389 3017 489 3087 sinon,
503 3035 673 3092 quocunque
685 3019 770 3074 modo
783 3037 857 3090 rem,

130 3123 176 3182 Ut
187 3122 301 3201 propius
315 3121 419 3199 [pestes
431 3119 577 3181 lacrimosa
589 3121 720 3196 poi'mata
732 3121 823 3199 Pupi:
933 3159 942 3174 t
