2238 3686
309 216 369 278 DE
393 221 515 280 ARTE
539 217 751 280 POETICA.
871 225 929 288 159

131 341 260 404 Rusticus
272 350 380 406 urbano
393 348 533 418 confusus,
547 347 636 424 turpis
649 347 779 404 honesto?

130 449 176 506 Sic
189 449 287 526 priscae
299 459 467 526 motumque
477 461 506 508 et
518 450 661 514 luxuriem
674 448 784 507 addidit
795 448 849 507 arti

131 551 261 622 Tibicen,
276 553 418 628 traxitque
431 573 519 630 vagus
532 572 583 629 per
594 553 703 629 pulpita
716 553 834 610 vestem:
930 573 932 578 ’

55 689 58 698 ν
132 655 180 712 Sic
194 655 282 714 etiam
294 656 397 714 fidibus
409 675 490 714 voces
502 675 613 714 crevere
626 655 734 725 severis,

131 760 170 815 Et
183 758 250 816 tulit
262 759 408 835 eloquium
421 759 566 816 insolitum
578 757 710 816 facundia
722 776 858 834 preceps,

133 860 315 938 Utiliumque
328 862 414 938 sagax
425 881 529 932 rerum,
542 872 572 920 et
585 861 680 919 divina
692 861 791 930 futuri,

131 964 275 1042 Sortilegis
289 985 346 1022 nou
359 964 509 1040 discrepuit
519 963 656 1022 sententia
670 963 799 1040 Delphis.

131 1068 266 1126 Carmine
279 1069 329 1144 qui
342 1068 449 1145 tragico
462 1067 548 1124 vilem
561 1067 679 1126 certavit
689 1069 726 1124 ob
739 1066 859 1138 hircum,

131 1171 205 1228 Mox
217 1170 305 1228 etiarn
318 1171 437 1248 agrestes
450 1171 561 1246 Satyros
572 1170 699 1240 nudavit,
711 1179 741 1227 et
753 1171 841 1247 asper,

132 1273 274 1332 Incolumi
288 1273 434 1349 gravitate,
445 1271 543 1349 jocum
557 1272 693 1343 tentavit,
716 1274 839 1348 eoquod

131 1375 272 1433 lllecebris
284 1386 354 1446 erat,
368 1385 397 1433 et
410 1375 490 1453 grets
501 1375 626 1433 novitate
639 1376 790 1434 morandus

132 1479 284 1555 Spettator,
298 1479 468 1555 funstusque
480 1478 571 1548 sacris,
588 1487 618 1536 et
631 1488 722 1554 potus,
739 1488 769 1536 et
781 1479 872 1537 exlex.

131 1581 239 1639 Verum
253 1583 294 1640 ita
307 1581 412 1652 risores,
426 1571 466 1639 ita
478 1582 677 1638 commendare
689 1579 797 1638 dicaces

131 1684 292 1742 Conveniet
306 1686 427 1762 Satyros,
440 1685 480 1742 ita
487 1690 599 1742 'vertere
612 1683 681 1740 seria
694 1684 774 1753 ludo,

131 1787 179 1844 Ne
192 1788 355 1863 quicunque
367 1788 444 1858 deus,
464 1786 626 1863 quicunque
639 1787 820 1846 adhibebitur
834 1787 931 1858 heros,¹

131 1891 232 1968 Regali
245 1891 406 1966 conspectus
416 1891 447 1948 in
460 1908 528 1948 auro
541 1909 631 1966 nuper
641 1898 671 1948 et
684 1891 764 1960 ostro,

130 1992 240 2070 Migret
252 1992 283 2050 in
296 1993 424 2051 obscuras
436 1991 538 2050 humili
552 1993 680 2050 sermone
693 1996 822 2052 tabernas
826 2020 836 2065 ς

130 2098 202 2166 Aut,
216 2097 287 2154 dum
299 2096 371 2154 vitat
383 2096 514 2166 humum,
527 2099 615 2154 nubes
626 2105 655 2154 et
667 2096 762 2154 inania
775 2107 878 2174 captet.

130 2199 250 2256 Effutire
263 2200 337 2258 leves
349 2198 467 2276 indigna
481 2199 618 2275 trrgcedia
630 2199 736 2270 versus,

132 2304 174 2361 Ut
187 2303 261 2360 festis
274 2313 402 2360 matrona
415 2301 523 2360 moveri
531 2300 603 2378 julia
615 2301 713 2360 diebus

130 2406 261 2464 Intererit
274 2405 379 2482 Satyris
391 2405 507 2481 paulum
520 2405 685 2481 pudibunda
697 2406 840 2480 protervis.

129 2509 199 2566 Non
213 2527 266 2585 ego
279 2508 408 2566 inornata
421 2517 450 2566 et
463 2507 638 2566 dominantia
651 2507 766 2566 nomina
779 2509 882 2580 solum,

128 2608 290 2688 Verbaque,
303 2611 422 2682 Pisones,
436 2612 599 2686 Satyrorum
611 2609 727 2685 scriptor
738 2615 852 2684 amabo,
923 2645 927 2654 »

129 2709 193 2772 Nec
204 2715 241 2772 src
252 2714 342 2772 enitar
353 2713 459 2790 tragico
472 2711 584 2770 differre
596 2713 692 2782 colori,

129 2818 173 2874 Ut
186 2816 258 2873 nihil
270 2816 379 2874 intersit
393 2817 525 2874 Davusne
537 2816 677 2890 loquatur,
690 2825 720 2872 et
732 2818 825 2876 audax

129 2919 253 2995 Pythias,
266 2919 399 2976 emunito
411 2919 518 2976 lucrata
533 2917 647 2975 Simone
659 2919 799 2978 talentum
805 2945 813 2990 i

128 3025 177 3078 An
190 3023 279 3080 custos
290 3021 469 3096 famulusque
482 3020 528 3078 dei
541 3019 650 3078 Silenus
663 3021 779 3080 alumni.

127 3121 172 3182 Ex
185 3134 253 3182 noto
265 3124 365 3182 fitium
376 3141 490 3182 carmen
503 3122 610 3200 sequar,
624 3134 657 3184 ut
670 3124 721 3186 fibi
735 3125 827 3200 quivis
922 3182 925 3189 .
