2242 3680
202 221 243 284 16
437 221 751 300 SERMONUM,

200 351 317 428 Culpari
330 349 439 430 dignos.
481 355 620 414 Quemvis
632 356 727 414 medii
739 353 814 432 elige
826 350 931 424 turrim

199 455 263 512 Aut
277 458 312 513 ab
325 457 451 528 aventii,
466 469 515 516 aut
528 459 630 518 miseri
642 459 807 528 ambitione,
819 459 940 516 laborat.

200 557 258 615 Hic
270 569 421 636 nuptarum
434 559 538 618 insanit
550 562 700 634 amoribus,
712 561 760 620 hic
772 579 943 638 puerorum:

200 661 289 720 Hunc
302 662 378 738 capit
392 663 501 740 argenti
514 664 658 740 splend013
680 666 770 741 stupet
782 663 887 724 Albius
896 680 969 720 aerez·

199 763 259 822 Hic
273 776 367 824 mutat
379 785 485 824 merces
497 767 628 844 surgente
639 787 655 826 a
666 768 731 839 sole,
753 768 788 826 ad
798 787 865 826 eum
876 786 935 842 quo

200 867 370 944 vespertina
384 880 461 946 tepet
474 870 566 946 regim
588 871 659 946 quin
671 889 722 946 per
733 871 807 928 mala
819 889 943 946 praeceps
988 903 991 910 ·

200 969 309 1042 Fertur,
323 973 367 1030 uti
377 973 469 1048 pulvis
483 972 615 1033 colleiius
628 973 750 1044 turbine,
764 973 884 1048 nequid

202 1075 319 1132 Summi
333 1077 467 1152 deperdat
480 1087 618 1147 metuens,
631 1085 682 1134 aut
695 1076 812 1152 ampliet
823 1086 858 1134 ut
869 1093 946 1134 rem:

202 1177 311 1236 Omnes
324 1178 355 1238 hi
368 1186 502 1238 metuunt
513 1179 616 1250 versus,
636 1181 719 1238 oriere
731 1179 846 1256 poitas:

201 1281 330 1340 Foenurn
347 1282 435 1340 habet
451 1282 482 1338 in
500 1299 608 1353 cornu;ss
631 1281 718 1360 longe
736 1283 824 1359 fuges
844 1281 1001 1344 dummodo

279 1384 366 1444 risum

201 1487 336 1548 Excutiat
349 1489 410 1558 fibi,
430 1507 487 1546 non
501 1487 548 1546 hic
561 1487 693 1563 cuiquam
706 1495 802 1564 parcet
814 1487 924 1548 arnicor

163 1620 165 1628 ι
202 1591 249 1661 Et,
263 1593 453 1667 quodcunque
465 1591 551 1649 semel
564 1590 667 1648 chartis
679 1590 808 1661 illeverit‚
827 1610 927 1648 omnes

203 1693 338 1752 Gestieta
352 1695 436 1752 furno
449 1695 597 1752 redeuntes
612 1693 689 1762 scire,
709 1693 842 1769 lacuque5

101 1839 104 1844 -
203 1797 241 1854 Et
253 1815 363 1872 pueros,
376 1805 406 1854 et
419 1815 497 1854 anus.
523 1797 669 1872 Agedum,
682 1815 772 1872 pauca
785 1795 880 1872 accipe
893 1804 1001 1854 contra.

203 1899 340 1970 Primum,
359 1917 413 1976 ego
425 1917 473 1958 me
486 1899 610 1968 illorum,
630 1897 756 1956 dederim
768 1899 869 1974 quibus
882 1899 938 1956 effe
950 1919 1001 1976 po,—

275 2004 342 2072 i‘tas,
982 2018 985 2024 ·
1108 2077 1109 2086 ἵ

203 2107 361 2182 Excerpam
370 2123 502 2166 numero:
521 2123 613 2179 neque
623 2103 702 2162 enim
712 2103 878 2162 concludere
888 2105 1002 2174 versum
1108 2137 1109 2188 r

200 2208 316 2268 Dixen‘s
329 2209 384 2266 effe
397 2207 462 2265 satis
469 2232 477 2276 ;
500 2225 601 2281 neque,
615 2206 636 2262 sr
650 2205 712 2280 quis
725 2191 837 2278 seribaft,
851 2207 895 2266 uti
908 2227 971 2280 noe,
989 2242 993 2250 =

203 2311 331 2369 Sermoni
342 2310 480 2388 propiora,
493 2318 574 2384 putes
588 2309 866 2385 huneeffepoetam.
1108 2307 1109 2310 ’

202 2414 357 2491 Ingenium
368 2413 415 2470 eui
428 2413 471 2483 fit,
484 2411 531 2468 cui
544 2429 623 2468 mens
636 2409 766 2482 divinior,
780 2421 865 2488 atque
878 2432 909 2470 os

202 2517 312 2593 Magna
325 2518 498 2585 sonatumm
519 2515 566 2572 der
582 2513 705 2576 nominis
717 2513 801 2590 hujus
814 2515 960 2576 honorem.

201 2620 311 2678 idcirco
325 2619 451 2695 quidam,
474 2615 622 2677 Com'oedia
634 2633 723 2674 necne
734 2619 836 2693 poima

202 2723 287 2793 Erret,
301 2721 463 2798 quaefivere3
486 2721 561 2794 quod
573 2737 636 2776 acer
648 2717 769 2795 spiritus,
789 2740 822 2778 ac
834 2719 885 2792 vis,

203 2825 268 2884 Nec
280 2824 372 2884 verbis
384 2841 437 2881 nec
450 2824 531 2879 rebus
544 2821 627 2891 inest3
650 2821 701 2878 nisi
715 2823 790 2897 quod
806 2823 879 2898 pede
891 2832 976 2884 certo⁴

203 2929 309 2987 Differt
321 2926 451 2997 sermoni,
473 2925 564 2984 sermo
576 2943 678 2982 merus.
719 2926 761 2982 At
774 2929 994 3001 parennem·
1108 2933 1109 2990 i

204 3031 299 3102 Saevit,
312 3033 388 3107 quod
401 3028 548 3106 meretrice
560 3045 646 3103 nepos
656 3025 769 3086 insanus
782 3028 875 3089 amici

204 3133 300 3205 Filius,
312 3150 431 3192 uxorem
443 3114 544 3210 grandi
553 3149 620 3189 cum
632 3131 699 3188 dote
709 3108 830 3202 recuset,
