2238 3686
423 213 515 270 LIB.
545 213 568 272 I.
608 211 638 269 ii.
885 221 922 283 91

122 341 261 411 Occurro,
276 339 363 396 rides:
387 339 495 396 srforte
508 340 644 397 subucula
657 357 738 415 pexae

14 497 16 501 ,
120 443 204 502 Trita
218 443 311 501 subest
319 441 437 514 tunicae,
450 444 494 500 vel
508 443 607 520 s1toga
621 442 733 500 diffidet
745 442 846 517 impar,

21 601 23 605 .
121 547 224 604 Rides:
247 546 326 621 quid,
338 565 402 604 mea
415 565 483 602 curn
495 555 606 622 pugnat
619 531 758 602 sententia
772 545 883 602 secum?

13 705 14 708 ,
123 651 213 708 Quod
223 648 317 725 petiit,
330 648 454 724 spemit5
476 649 588 725 repetit,
602 650 679 725 quod
690 669 780 725 nuper
793 650 903 708 omisit?

13 811 14 814 ,
123 753 250 823 AEstuat,
265 761 295 809 et
305 752 371 809 vitae
385 751 561 808 disconvenit
574 751 674 808 ordine
684 755 761 810 toto?

121 855 232 925 Diruit,
246 854 378 926 aedificat,
393 863 486 912 mutat
499 856 635 930 quadrata
648 855 795 914 rotundis?

122 959 251 1017 Insanire
263 969 346 1034 putas
359 958 485 1016 solennia
498 977 554 1028 me,
569 977 662 1034 neque
676 959 759 1030 rides,

11 1093 15 1125 τ
122 1065 189 1121 Nec
202 1061 308 1119 medici
320 1061 419 1131 crediS,
433 1081 487 1118 nec
498 1062 633 1119 curatoris
646 1081 730 1140 egere

10 1197 11 1200 ¹
122 1168 154 1224 A
166 1175 287 1242 praetore
299 1165 369 1235 dati,
382 1184 477 1222 rerum
491 1165 580 1222 tutela
594 1184 725 1223 mearum

123 1271 202 1326 Cum
214 1270 257 1340 sis,
272 1277 301 1327 et
313 1288 398 1345 prave
411 1269 519 1326 setium
534 1269 714 1326 stomacheris
728 1271 765 1326 ob
778 1289 905 1348 unguem

123 1373 170 1430 De
184 1381 213 1430 te
226 1371 385 1448 pendentis,
399 1381 428 1430 te
442 1370 625 1447 respicientis,
638 1371 732 1429 amici.

122 1477 173 1534 Ad
187 1476 338 1546 summam,
352 1474 461 1550 sapiens
474 1493 532 1531 uno
544 1473 638 1530 minor
650 1475 689 1530 est
702 1475 789 1551 Jove3
811 1477 898 1550 dives,

123 1578 220 1649 Liber,
235 1579 397 1649 honoratus,
411 1577 537 1653 pulcher,
552 1595 602 1634 rex
615 1577 738 1653 denique
750 1597 864 1656 regum,

124 1681 268 1759 Praecipue
281 1680 373 1752 sanus,
388 1680 440 1738 nisi
453 1699 521 1738 cum
533 1679 637 1755 pituita
651 1681 765 1739 molesta
778 1683 825 1740 est.

353 2058 619 2116 EPISTOLA
659 2062 698 2118 Il.

414 2235 455 2272 AD
477 2235 632 2274 LOLLIUM.

123 2407 268 2470 Tromur
282 2402 352 2461 belli
365 2403 538 2478 scriptorem,
553 2403 679 2464 maxime
692 2406 776 2476 Lolli,

45 2541 47 2545 .
124 2509 207 2566 Dum
219 2515 253 2563 tu
263 2507 403 2566 declamas
416 2507 524 2578 Romae,
538 2509 674 2566 Praeneste
687 2509 788 2586 relegi,

126 2611 198 2682 Qui,
219 2609 289 2686 quid
310 2609 344 2667 sit
364 2608 524 2685 pulchrum,
546 2610 615 2687 quid
637 2621 735 2688 turpe,
761 2613 831 2688 quid
844 2615 925 2686 utile,

178 2743 181 2752 ν
205 2713 276 2790 quid
288 2733 346 2770 non
352 2737 360 2783 5

125 2816 241 2876 Planius
254 2836 287 2874 ac
300 2815 402 2874 melius
415 2816 574 2894 Chrysippo
584 2824 614 2874 et
627 2819 765 2876 Crantore
776 2819 854 2877 dicit.

127 2921 188 2980 Cur
200 2921 241 2978 ita
254 2919 432 2990 crediderim,
446 2919 498 2980 nis1
512 2919 582 3002 quid
594 2929 623 2978 te
636 2921 755 2990 detinet,
769 2921 844 2980 audi.

125 3024 243 3096 Fabula,
257 3023 314 3105 qud
326 3022 432 3080 Paridis
444 3031 559 3099 propter
572 3009 701 3080 narratur
713 3043 839 3084 amorem

127 3127 238 3192 Graecia
250 3125 392 3188 Barbariae
405 3126 484 3186 lento
496 3125 591 3185 collisa
605 3127 708 3198 duello,
