2238 3686
223 235 277 288 118
433 232 802 301 EPISTOLARUM,

219 355 363 431 Suspetlos
374 357 496 434 laqueos,
510 369 539 418 et
552 361 684 436 opertum
696 359 799 416 millius
811 357 940 414 hamum.

217 455 349 516 Oderunt
362 479 475 535 peccare
488 462 556 519 boni
568 461 679 520 virtutis
690 479 801 529 amore3

217 559 264 615 Tu
278 559 350 616 nihil
363 563 494 621 admittes
507 563 537 621 in
551 573 580 622 te
593 563 744 621 formidine
756 581 863 638 poeuae:

218 659 260 724 Sit
273 661 334 736 spos
346 663 473 733 fallendi,
485 665 614 724 miscebis
626 665 701 722 sacra
714 662 847 740 profanis.

217 766 297 824 Nam
309 768 345 826 de
358 769 436 826 mille
449 769 522 826 fabae
535 768 637 828 modiis
649 788 716 826 cum
729 765 843 842 surripis
855 785 956 832 unum,

217 861 365 928 Damnum
377 871 425 940 est,
439 890 496 928 non
510 871 629 941 facinus,
642 871 714 928 mihi
727 869 809 945 patto
822 869 915 925 lenius
927 869 984 926 isto.

216 969 270 1026 Vir
282 972 380 1042 bonus,
394 992 478 1030 omne
489 973 583 1032 forum
597 991 683 1047 quem
697 973 811 1048 spuebat,
825 980 856 1029 et
866 989 952 1028 omne
965 969 1009 1026 triv

294 1074 389 1144 bunal,

216 1175 454 1252 Quandoeunque
467 1179 533 1235 deos
546 1179 591 1236 vel
603 1197 688 1254 porco
701 1179 746 1236 rel
760 1181 831 1235 bove
843 1177 947 1253 placat,

214 1277 286 1353 Jane
299 1287 387 1354 pater,
402 1280 484 1350 clare,
497 1281 571 1337 claro
583 1299 651 1338 cum
662 1281 745 1350 dixit,
759 1279 880 1354 Apollo:

213 1381 305 1438 Labra
317 1391 421 1452 movet,
440 1391 569 1440 metuens
582 1382 689 1441 audiri:
713 1382 831 1440 Pulchra
844 1383 981 1451 Lavema,

213 1483 260 1544 Da
270 1483 343 1542 mihi
355 1485 460 1555 fallere,
474 1486 510 1542 da
517 1484 592 1560 justo
604 1485 756 1559 sauttoque
767 1483 871 1553 videri;

212 1585 245 1642 N
245 1586 338 1644 obtem
351 1587 481 1662 peccatis,
495 1597 523 1644 et
534 1587 680 1645 fraudibus
692 1583 783 1662 objice
796 1588 912 1645 nubem.

214 1691 276 1746 out
289 1691 389 1747 melior
400 1691 487 1762 servo,
499 1692 548 1767 qui
561 1691 675 1748 liberior
687 1690 721 1747 fit
733 1709 840 1759 avarus,

213 1791 248 1848 ln
262 1791 351 1848 triviis
364 1792 455 1851 fixum
465 1812 533 1852 cum
543 1793 572 1850 se
585 1792 710 1851 demittit
722 1793 759 1849 ob
773 1791 866 1860 affetu,

212 1892 369 1952 Nonvideo
375 1919 383 1964 3
395 1914 471 1964 narn,
481 1895 530 1970 qui
539 1895 644 1972 cupiet,
656 1903 765 1952 metuet
774 1913 902 1970 quoque:
918 1914 1009 1971 porro,

213 1995 275 2056 Qui
287 2003 416 2055 metuens
428 1997 513 2067 vivet,
526 1997 597 2054 liber
609 1997 682 2054 mihi
695 2015 753 2054 non
766 1997 820 2054 erit
832 2016 970 2073 uuquam.

211 2097 335 2156 Perdidit
348 2119 434 2169 arma,
447 2100 542 2157 locum
553 2099 663 2157 virtutis
674 2099 804 2170 deseruit,
818 2100 868 2175 qui

212 2203 326 2279 Semper
336 2203 367 2260 in
381 2204 510 2280 augenda
523 2203 636 2260 festinat
648 2213 677 2261 et
689 2202 817 2261 obruitur
827 2223 869 2262 re.

210 2306 341 2363 Vendere
354 2326 421 2364 cum
432 2307 515 2383 poffis
528 2306 681 2382 captivum,
696 2305 822 2364 occidere
834 2307 908 2365 noli:

211 2407 317 2466 Serviet
330 2408 451 2467 utiliterz
474 2409 540 2478 fine,
554 2407 649 2484 pascat
661 2409 755 2477 durus,
770 2417 900 2484 aretque,

209 2509 345 2586 Naviget,
360 2531 393 2569 ac
406 2510 505 2569 mediis
517 2509 624 2568 hiemet
636 2519 775 2568 mercator
786 2511 818 2568 in
830 2513 928 2583 undis,

209 2617 342 2673 Annonae
354 2615 439 2690 profit
446 2639 454 2684 5
475 2623 568 2690 portet
580 2615 731 2684 frumenta,
744 2635 899 2692 penusque.

207 2717 262 2775 Vir
275 2717 364 2773 bonus
378 2726 408 2774 et
419 2717 527 2793 sapiens
541 2716 656 2774 audebit
668 2716 774 2774 dicere:-
797 2720 935 2791 Penthea,

209 2821 312 2880 Retior
324 2819 497 2889 Thebarum,
511 2819 579 2895 quid
591 2838 638 2876 me
647 2819 769 2894 perferre
782 2821 899 2896 patique
1098 2891 1099 2900 ἵ

208 2922 365 3000 Indignum
378 2924 477 2998 coges?
504 2921 640 2978 Adimam
657 2923 740 2979 bona.
780 2923 895 3000 Nempe
911 2944 1007 3002 pecus,
1098 2903 1099 2954 l

286 3044 354 3092 rem,
1098 3005 1099 3024 Χ

208 3127 316 3203 Lettos,
331 3136 493 3203 argentum:
517 3128 596 3187 tollas
610 3129 685 3187 licet
726 3132 762 3188 ln
774 3131 907 3204 manicis,
920 3143 952 3206 et
