2242 3680
428 211 682 270 'LIB.ll.vi.
788 293 791 303 ι
916 209 953 278 75,

154 337 286 414 Frigidus
299 358 314 394 a
329 339 433 396 Rostris
446 349 543 398 manat
554 357 604 416 per
614 338 739 414 compita
754 356 862 394 rumori

155 440 333 516 Quicunque
341 441 439 499 obvius
449 443 497 510 est,
510 461 556 500 me
566 441 686 499 consulit
691 467 698 512 3
714 441 742 498 O
751 443 824 498 bone
836 443 916 515 (nam
925 448 954 497 te

156 543 243 614 Scire,
259 543 335 601 Deos
348 543 482 618 quoniam
495 544 607 620 propius
621 543 771 618 contingis,
785 543 908 618 oportet)

155 647 240 703 Num
252 645 321 720 quid
334 648 369 704 de
386 645 471 704 Dacis
484 647 599 706 audisti?
624 647 678 704 Nil
690 647 832 722 equidem.
864 646 908 704 Ut
921 655 954 704 tu

157 751 275 824 Semper
286 747 339 830 eris
350 748 467 806 derisor!
490 751 533 806 At
543 769 640 808 omnes
654 751 693 808 Di
706 749 852 825 exagitent
865 768 921 818 me,

158 852 187 908 Si
199 852 360 936 quicquam.
393 852 490 908 Quid?
512 851 650 908 militibus
662 850 956 927 promiffaTriquetrd

156 953 265 1014 Praedi'a
278 954 380 1023 Caesar,
395 973 431 1010 an
444 954 483 1012 est
496 954 569 1011 Itala
582 954 682 1010 tellure
695 955 828 1010 daturus?

156 1060 368 1135 Jurantem‘me
381 1057 450 1114 scire
463 1056 534 1114 nihil
547 1056 695 1126 mirantur,
711 1067 744 1113 ut
757 1076 848 1114 unum

157 1159 271 1217 Scilicet
284 1159 392 1235 egregii
405 1159 554 1217 mortalem
567 1159 673 1235 altique
686 1161 787 1216 silenti.

158 1261 288 1318 Perditur
301 1260 362 1317 haee
374 1260 562 1318 intermisero
574 1263 634 1331 lux,
648 1281 706 1318 non
720 1263 778 1319 fine
788 1262 876 1320 votiss

158 1363 256 1433 Orus,
270 1364 385 1439 quando
395 1381 449 1438 ego
459 1373 488 1420 te
497 1363 645 1440 aspiciam?
667 1365 838 1439 quandoque
848 1364 955 1434 licebit,

159 1467 191 1524 N
193 1485 249 1522 unc
257 1475 384 1522 veterum
392 1465 478 1536 libris,
491 1485 567 1523 nunc
576 1466 674 1524 somno
684 1475 713 1522 et
723 1466 860 1522 inertibus
871 1467 956 1539 horis¹

159 1571 272 1630 Ducere
286 1569 401 1626 solicitae
410 1567 537 1643 jucunda
550 1567 654 1626 oblivia
667 1568 755 1626 vitae?

160 1672 189 1729 Ο
203 1673 316 1747 quando
329 1671 586 1748 fabasPythagorae
598 1681 729 1747 cognata,
749 1671 890 1746 fimulque

161 1775 257 1840 Unsta
270 1773 335 1831 satis
348 1772 450 1851 pingui
461 1783 603 1849 ponentur
615 1773 739 1831 oluscula
753 1773 847 1830 lardo?

162 1878 191 1934 O
204 1878 298 1935 nobles
311 1896 455 1952 coenaeque
468 1875 568 1938 desim!
592 1875 693 1951 quibus
706 1875 774 1951 ipse,
787 1875 911 1952 meique,

164 1982 244 2037 Ante
256 1980 346 2037 larem
356 1979 501 2055 proprium
513 1979 616 2047 vescor,
630 1997 783 2054 vernasque
796 1998 927 2054 procaces

162 2082 246 2140 Pasco
259 2081 353 2139 libatis
370 2080 497 2158 dapibus.
538 2081 623 2138 Prout
636 2081 738 2156 cuique
751 2080 839 2137 libido
852 2083 900 2151 est,
924 2111 927 2117 ·

163 2185 255 2244 Siccat
267 2184 419 2260 inaequales
433 2183 533 2240 calices
549 2182 676 2252 conviva,
697 2183 804 2240 solutus

163 2287 288 2364 Legibus
301 2285 421 2357 insanis3
444 2284 493 2341 seu
506 2283 568 2360 quis
581 2284 658 2360 capit
669 2284 743 2368 acria
756 2284 838 2340 fortis

163 2389 275 2460 Pocula,
289 2388 337 2446 seu
350 2385 468 2446 modicis
479 2386 585 2444 uvescit
598 2386 698 2443 laetius.
738 2387 815 2462 Ergo

164 2493 261 2550 Sermo
274 2491 372 2559 oritur,
389 2507 447 2546 non
461 2489 497 2546 de
509 2487 583 2545 villis
596 2487 762 2546 domibusve
774 2489 879 2560 alienis,

164 2595 228 2652 Nec
240 2593 324 2662 male,
339 2609 436 2660 necne,
448 2591 538 2668 Lepos
551 2589 646 2660 saltet;
661 2590 716 2660 sed,
730 2592 806 2665 quod
819 2593 909 2668 magis
922 2597 959 2651 ad

245 2715 295 2752 nos
368 2721 370 2728 ·

163 2799 297 2867 Pertinet,
310 2807 341 2855 et
353 2796 457 2855 nescire
470 2797 579 2855 malum
591 2797 638 2867 est,
652 2798 790 2873 agitamus
797 2821 804 2866 ς
826 2805 963 2855 utrumne
1068 2831 1071 2838 ·

164 2901 281 2960 Divitiis
293 2900 431 2970 homines,
445 2918 482 2956 an
496 2900 550 2956 sint
562 2898 675 2970 virtute,
688 2899 778 2956 beati:

167 3003 282 3062 Quidve
295 3003 331 3060 ad
344 2973 490 3070 amicitias,
503 3001 569 3058 usus
581 3001 735 3070 redumne
748 3000 840 3057 trahat
852 3017 902 3058 nos
908 3027 920 3071 3

166 3108 203 3173 Et
217 3126 281 3184 quae
294 3105 329 3164 fit
342 3113 441 3163 natura
454 3101 531 3174 boni,
547 3102 747 3177 summumque
761 3101 829 3178 quid
842 3101 912 3180 ejus.
