2238 3686
435 237 533 294 LIB.
562 189 587 296 l.
626 257 656 294 x.
888 240 944 304 107

140 365 219 421 Cum
231 363 319 421 semel
332 363 441 440 accepit
453 361 540 421 solem
554 363 723 422 furibundus
737 365 870 420 acutum?

140 468 197 537 Est,
212 467 264 524 ubi
277 467 393 526 divellat
405 467 516 524 somnos
528 468 623 526 minus
636 467 732 524 invida
745 471 832 524 cura?

140 571 276 628 Deterius
291 570 404 646 Libycis
417 571 483 640 olet,
499 580 548 649 aut
562 571 644 640 nitet,
658 571 745 628 herba
758 570 878 646 lapillis?

140 673 241 732 Pun'or
253 673 284 730 in
297 673 366 730 vicis
379 693 452 749 aqua
465 673 558 732 tendit
570 693 701 750 rumpere
714 674 875 750 plumbum,

142 778 243 847 Quam
253 797 317 852 quae
329 797 380 853 per
391 796 514 853 pronum
533 777 655 853 trepidat
667 797 733 834 cum
747 795 892 834 murmure
906 777 944 835 ri-

219 883 309 938 vum?

141 984 257 1059 Nempe
270 982 345 1054 inter
357 983 446 1041 varias
459 984 585 1042 nutritur
598 985 664 1042 silva
678 985 833 1054 columnae,

142 1087 343 1162 Laudaturque
357 1087 457 1144 domus
469 1087 568 1164 longos
582 1107 645 1162 quae
656 1087 788 1163 prospicit
802 1107 882 1164 agros
894 1111 901 1143 :

141 1189 288 1246 Naturam
300 1190 422 1265 expelles
435 1189 524 1260 sured,
539 1199 635 1246 tamen
649 1209 737 1265 usque
751 1201 883 1260 recurret,

141 1293 180 1350 Et
193 1293 268 1349 mala
281 1301 444 1368 perrumpet
456 1291 557 1350 furtim
571 1292 680 1350 fastidia
693 1292 804 1350 vietrix.

141 1395 222 1464 Non,
237 1395 286 1470 qui
301 1394 416 1452 Sidonio
429 1395 598 1452 contendere
612 1395 728 1452 callidus
742 1395 814 1451 ostro

143 1500 244 1582 Nescit
256 1499 433 1574 Aquinatem
444 1498 574 1574 potantia
586 1498 689 1556 vellera
703 1497 812 1568 fucum,

143 1603 255 1660 Cestius
269 1601 388 1678 accipiet
401 1603 548 1670 damnum,
562 1600 711 1677 propiusve
724 1599 864 1670 medullis,

144 1707 243 1762 Quam
256 1705 306 1780 qui
319 1724 377 1762 non
387 1705 491 1781 poterit
504 1723 570 1762 vero
583 1704 753 1780 distinguere
767 1703 879 1761 falsum.

144 1809 243 1866 Quem
255 1827 298 1866 res
310 1809 374 1884 plus
386 1807 476 1865 nimio
490 1808 662 1865 delettavere
674 1807 812 1878 secundae,

143 1912 267 1968 Mutatae
280 1910 427 1986 quatient:
450 1911 471 1968 fi
484 1910 553 1986 quid
565 1911 713 1982 mirabere,
727 1931 814 1987 pones

143 2014 262 2072 Invitus.
289 2015 367 2090 Fuge
380 2033 499 2091 magna:
521 2014 588 2071 licet
601 2015 653 2071 sub
665 2033 788 2090 paupere
801 2015 875 2072 tetto

143 2120 244 2194 Reges,
258 2126 288 2176 et
300 2136 402 2194 regum
411 2116 470 2174 vita
482 2135 650 2192 praecurrere
663 2117 776 2174 amicos.

143 2223 250 2279 Cervus
261 2241 376 2297 equum,
391 2220 487 2297 pugni
502 2217 610 2289 melior,
624 2220 823 2278 communibus
836 2221 932 2287 herbis

126 2304 129 2310 ¹
142 2325 285 2394 Pellebat,
298 2325 397 2394 donec,
412 2322 506 2380 minor
518 2322 549 2379 in
563 2321 717 2380 certamine
730 2323 826 2399 longo,

117 2416 123 2423 ¹
142 2427 310 2503 Imploravit
322 2445 389 2502 opes
402 2425 535 2496 hominis,
549 2426 728 2501 fraenumque
742 2427 864 2502 recepit:

144 2531 207 2601 Sed,
220 2532 367 2607 postquam
381 2529 469 2586 victor
480 2527 587 2586 violens
601 2527 721 2585 disceffit
735 2531 770 2586 ab
784 2529 873 2600 hoste,

102 2626 104 2633 ’
142 2634 175 2690 N
176 2653 214 2690 on
226 2633 354 2709 equitem
366 2632 456 2702 dorso,
470 2651 528 2690 non
541 2632 785 2708 fraenumdepulit
796 2653 853 2690 ore.

143 2737 198 2808 Sic,
211 2737 261 2812 qui
273 2735 438 2812 pauperiem
450 2735 564 2806 veritus,
578 2735 687 2810 potiore
699 2736 820 2793 metallis

143 2840 289 2897 Libertate
300 2849 386 2910 caret,
407 2839 557 2897 dominum
570 2837 655 2896 vehet
667 2838 823 2914 improbus,
837 2847 924 2915 atque

144 2943 251 3000 Serviet
264 2953 416 3013 aternum,
438 2940 505 3018 quia
516 2959 601 3016 parvo
614 2941 719 2999 nesciet
731 2941 784 2998 uti.

144 3045 201 3103 Cui
214 3065 271 3102 non
284 3045 434 3104 conveniet
447 3045 496 3101 sua
510 3063 561 3114 res,
575 3053 608 3100 ut
623 3044 732 3101 calceus
745 3043 824 3114 olim,

144 3149 172 3206 Si
185 3151 258 3225 pede
267 3147 357 3225 major
369 3148 432 3220 erit,
445 3147 587 3205 subvertet
592 3171 601 3218 3
609 3147 644 3212 „fi
657 3145 758 3218 minor,
772 3157 843 3205 uret.
