2242 3680
429 231 453 289 L
468 231 477 288 l
495 232 526 289 B.
555 231 595 290 Il.
634 229 676 287 iii.

148 357 248 414 Quare
260 373 311 434 per
324 359 402 416 divos
414 368 508 416 oratus
521 367 640 433 uterque
654 360 779 424 Penates,

147 461 195 516 Tu
209 477 287 529 cave,
301 479 338 518 ne
350 461 461 518 minuas
466 485 474 531 ;
496 471 538 530 tu,
553 479 589 518 ne
602 458 692 536 majus
705 458 790 516 facias
801 457 831 516 id

148 563 240 619 Quod
254 561 319 619 satis
334 563 389 620 effe
401 574 484 640 putat
496 575 584 640 pater,
605 573 633 620 et
647 573 747 620 natura
759 561 876 618 coircet.

149 667 296 735 Praeterea,
316 685 354 723 ne
366 685 415 723 vos
428 666 526 724 titillet
538 665 636 742 gloria,
646 664 722 740 jure-

150 769 278 844 Jurando
290 767 464 845 obstringam
477 770 575 826 ambo:
598 777 663 825 uter
675 767 772 838 aedilis,
787 767 908 824 fueritve

149 871 283 927 Vestrum
297 881 408 946 praetor,
422 871 445 926 is
458 869 621 928 intestabilis
634 882 664 926 et
676 869 752 926 sacer
764 871 830 926 ello,

150 975 187 1031 In
200 974 290 1031 cicere
303 983 389 1048 atque
401 973 467 1030 fabii
477 977 551 1030 bona
563 983 595 1030 tu
608 974 762 1049 perdasque
775 971 887 1047 lupinis,

150 1079 240 1134 Latus
253 1085 286 1134 ut
300 1076 330 1132 in
344 1076 427 1133 Circo
441 1075 567 1152 spatiere,
581 1087 611 1132 et
623 1077 724 1133 aeneus
737 1085 769 1132 ut
783 1076 843 1143 stes,

150 1179 256 1237 Nudus
269 1177 352 1256 agris,
366 1180 458 1236 nudus
472 1179 604 1248 nummis,
617 1178 722 1245 insane,
736 1178 869 1254 paternis,

150 1281 282 1339 Scilicet?
302 1292 352 1338 aut
364 1281 485 1357 plausus,
499 1301 568 1356 quos
580 1281 635 1338 fert
648 1282 785 1357 Agrippa,
800 1282 872 1338 feras
885 1291 928 1352 tu,

150 1387 254 1444 Astuta
266 1386 426 1462 ingenuum
439 1386 535 1461 vulpes
547 1384 658 1442 imitata
670 1385 798 1442 leonem?
948 1373 950 1378 ¹

151 1490 200 1546 Ne
213 1487 275 1564 quis
286 1489 412 1545 humalle
424 1487 493 1544 velit
505 1485 633 1563 Ajacem,
649 1488 759 1557 Atrida,
770 1497 847 1544 vetas
858 1493 926 1545 cur?

152 1594 214 1649 Rex
226 1592 298 1648 sum.
339 1590 391 1647 Nil
404 1591 478 1648 ultra
490 1610 586 1666 quaero
598 1590 732 1666 plebeius
774 1593 810 1648 Et
822 1611 934 1667 aequam

151 1697 225 1753 Ilem
237 1693 384 1770 imperito:
407 1704 445 1764 at,
460 1693 538 1752 sicui
550 1695 646 1751 videor
659 1713 716 1750 non
728 1693 826 1770 justus,
838 1695 934 1752 inulto

151 1799 263 1866 Dicere,
278 1797 354 1873 quod
367 1796 460 1865 sentit,
474 1797 616 1872 permitte
655 1797 786 1855 Maxime
798 1817 909 1876 regum,

152 1903 191 1959 Da
206 1901 258 1958 tibi
271 1903 340 1957 dent
352 1901 434 1976 capta
446 1899 558 1956 claffem
571 1900 710 1957 deducere
719 1901 818 1958 Troia!

151 2007 228 2083 Ergo
241 2005 392 2074 consulere,
406 2013 434 2062 et
447 2024 515 2061 mox
526 2005 702 2079 respondere,
714 2006 830 2064 licebit?

152 2109 283 2166 Consule.
324 2108 384 2164 Cur
396 2105 480 2182 Ajax,
495 2107 575 2164 heros
588 2109 625 2164 ab
636 2109 750 2165 Achille
762 2109 908 2183 secundus,

151 2211 284 2281 Putescit,
299 2209 381 2268 tdtles
394 2209 507 2266 servatis
520 2210 609 2266 clarus
623 2210 760 2267 Achivis?

152 2316 283 2375 Gaudeat
295 2323 328 2370 ut
340 2311 460 2389 populus
471 2311 582 2382 Priami,
597 2313 777 2388 Priamusque
787 2313 947 2389 inhumato,

152 2422 204 2476 Per
217 2436 303 2493 quem
315 2427 359 2472 tot
367 2413 484 2491 juvenes
496 2413 587 2490 patrio
599 2433 713 2472 caruere
725 2417 887 2492 sepulchro?

152 2522 236 2579 Mille
250 2519 345 2577 ovium
362 2518 475 2575 insanus
488 2517 573 2574 morti
591 2517 669 2575 dedit
675 2543 683 2588 5
705 2518 847 2597 inclytum
861 2525 948 2600 Ulys-

232 2623 300 2693 sem,

152 2729 190 2784 Et
205 2727 379 2796 Menelaum,
393 2746 449 2784 una
463 2745 576 2784 mecum
588 2727 616 2784 se
630 2728 756 2786 occidere
769 2731 902 2788 clamans.

151 2833 209 2900 Tu,
223 2849 352 2906 cumpro
365 2830 454 2886 vitull
467 2831 562 2887 statuis
575 2829 687 2887 dulcem
700 2831 806 2889 Aulide
819 2843 915 2891 natam

152 2936 233 2990 Ante
246 2953 315 3003 aras,
330 2931 490 3009 spargisque
503 2933 579 2989 molal
591 2943 685 3008 caput,
698 2934 835 3009 improbe,
848 2935 933 3009 sall'a3

153 3038 274 3118 Redium
297 3035 386 3093 animi
406 3036 511 3094 servas?
545 3036 705 3093 Quorsum?
741 3037 858 3096 Insanus
877 3041 949 3116 quid

139 3213 140 3220 ἵ
232 3139 309 3198 enim
323 3137 398 3216 Ajax
711 3143 713 3150 '
