2242 3680
200 197 238 257 72
439 190 759 260 SERMONUM,

199 315 268 372 Neu
280 313 351 370 defis
362 332 463 390 operae,
478 336 548 374 neve
560 317 764 374 immoderatus
779 316 915 374 abundes.

200 415 357 473 Difficilem
368 427 399 474 et
412 419 555 476 morosum
567 419 693 477 offendes
705 420 832 495 garrulus
843 418 940 474 ultro:

201 520 271 602 Non
284 519 372 576 etiam
386 521 471 578 fileae.
512 522 609 578 Davus
621 522 654 578 fis
667 522 801 590 comicus,
815 529 901 595 atque

202 622 262 677 Stes
272 621 365 697 capite
377 623 494 698 obstipo,
508 623 634 680 multum
646 624 743 680 fimilis
755 621 905 680 metuenti.

200 723 346 798 Obsequio
359 725 492 800 graffare:
514 743 608 795 mone,
624 726 644 782 fi
656 724 812 782 increbruit
824 743 903 792 aura,

201 827 310 884 Cautus
323 827 366 884 uti
379 828 455 884 velet
466 847 564 884 carum
576 837 678 903 eaput:
700 827 817 884 extrahe
828 826 924 896 turbe,

201 928 344 1005 Oppofitis
356 929 495 986 humeris:
519 949 614 987 aurem
629 929 784 1005 substringe
796 927 918 1003 loquaci.

201 1033 385 1108 Importuuus
398 1043 475 1088 amat
488 1032 613 1088 laudari?
635 1033 734 1100 donec,
749 1031 829 1088 Ohe!
848 1029 910 1105 jam

201 1136 251 1191 Ad
263 1135 368 1191 coelum
381 1134 512 1190 manibus
525 1134 659 1203 sublatus,
674 1132 787 1202 dixerit,
801 1151 892 1208 urgue
897 1157 905 1202 5
927 1141 959 1189 et

202 1237 382 1293 Crescentem
396 1235 512 1293 tumidis
526 1235 594 1292 infla
608 1236 782 1294 sermonibus
794 1245 898 1292 utrem.

201 1340 278 1396 Cum
291 1349 320 1395 te
332 1339 443 1396 servitio
455 1339 543 1414 longo
556 1338 679 1413 curaque
696 1338 804 1406 levarit,

192 1443 357 1500 .Eteertum
367 1441 496 1518 vigilans,
512 1441 632 1498 Quartae
645 1441 702 1497 esto
711 1440 799 1516 partis
812 1439 922 1506 Ulixes,

202 1544 344 1614 Audieris,
355 1543 449 1601 heres:
472 1545 548 1619 Ergo
561 1561 638 1598 nuuc
651 1543 745 1599 Darna
758 1542 858 1599 sodul'rs
1104 1538 1105 1630 d

202 1647 354 1720 Nusquam
367 1646 423 1702 est?
444 1646 521 1702 unde
534 1643 606 1700 mihi
625 1654 684 1702 tarn
701 1645 814 1712 fortem,
835 1652 952 1718 tamque
964 1643 999 1700 fi-
1104 1641 1105 1644 ’

281 1747 394 1804 delem?

202 1851 308 1926 Sparge
317 1849 448 1906 subinde:
464 1857 502 1916 et,
513 1849 533 1904 sr
542 1850 660 1924 paulurn
670 1859 759 1924 potes,
768 1848 954 1923 illacrymare,
963 1847 1002 1904 est
1105 1820 1106 1850 ἶ

203 1951 315 2010 Gaudia
327 1951 494 2026 prodentem
507 1950 620 2006 vultum
633 1951 731 2008 celare.
772 1951 947 2026 Sepulcrum,

203 2053 369 2114 Permiffum
381 2051 504 2119 arbitrio,
519 2053 577 2108 fine
589 2052 714 2109 sordibus
727 2054 850 2110 eumue:
873 2053 959 2110 funus

204 2157 326 2233 Egregie
339 2155 448 2212 faerum
460 2154 557 2212 laudet
569 2153 682 2226 vicinia
722 2154 751 2212 Si
764 2154 827 2229 quis

204 2261 288 2316 Forte
298 2259 470 2316 coheredum
482 2256 573 2312 senior
584 2257 658 2313 male
671 2257 775 2326 tuffiet,
792 2256 859 2314 huic
872 2265 905 2314 tu

203 2361 269 2429 Die,
282 2380 319 2417 ex
330 2369 410 2436 parte
425 2359 482 2428 tua,
495 2357 544 2415 seu
556 2358 639 2414 fundi
656 2359 711 2416 five
724 2360 824 2416 domus
837 2360 872 2416 fit

206 2465 314 2531 Emtor‚
328 2463 501 2537 gaudentem
514 2479 633 2518 nummo
650 2471 678 2518 te
691 2461 827 2519 addicere.
868 2463 923 2520 Sed
935 2482 989 2522 me

206 2563 358 2641 Imperiosa
372 2562 460 2622 trahit
473 2562 650 2638 Proserpina:
672 2563 744 2635 vive,
758 2565 893 2640 valeque!
