<?xml version="1.0" encoding="UTF-8"?>
<!DOCTYPE html PUBLIC "-//W3C//DTD XHTML 1.0 Transitional//EN"
    "http://www.w3.org/TR/xhtml1/DTD/xhtml1-transitional.dtd">
<html xmlns="http://www.w3.org/1999/xhtml" xml:lang="en" lang="en">
 <head>
  <title>
</title>
<meta http-equiv="Content-Type" content="text/html;charset=utf-8" />
  <meta name='ocr-system' content='tesseract 3.04.00' />
  <meta name='ocr-capabilities' content='ocr_page ocr_carea ocr_par ocr_line ocrx_word'/>
</head>
<body>
  <div class='ocr_page' id='page_1' title='image "./qhoratiiflacci01horagoog_0091.png"; bbox 0 0 2242 3680; ppageno 0'>
   <div class='ocr_carea' id='block_1_1' title="bbox 171 248 725 318">
    <p class='ocr_par' dir='ltr' id='par_1_1' title="bbox 171 248 725 318">
     <span class='ocr_line' id='line_1_1' title="bbox 171 248 725 318; baseline 0 -10"><span class='ocrx_word' id='word_1_1' title='bbox 171 259 213 308; x_wconf 69' lang='lat'><strong>80</strong></span> <span class='ocrx_word' id='word_1_2' title='bbox 408 248 725 318; x_wconf 82' lang='lat' dir='ltr'><strong>SERMONUM,</strong></span> 
     </span>
    </p>
   </div>
   <div class='ocr_carea' id='block_1_2' title="bbox 172 364 1024 3222">
    <p class='ocr_par' dir='ltr' id='par_1_2' title="bbox 176 364 972 454">
     <span class='ocr_line' id='line_1_2' title="bbox 176 364 972 454; baseline -0.005 -18"><span class='ocrx_word' id='word_1_3' title='bbox 176 380 246 436; x_wconf 87' lang='lat' dir='ltr'><strong>Non</strong></span> <span class='ocrx_word' id='word_1_4' title='bbox 260 378 359 435; x_wconf 85' lang='lat' dir='ltr'><strong>habitu</strong></span> <span class='ocrx_word' id='word_1_5' title='bbox 372 389 500 437; x_wconf 79' lang='lat' dir='ltr'><strong>mutatve</strong></span> <span class='ocrx_word' id='word_1_6' title='bbox 512 380 583 449; x_wconf 90' lang='lat' dir='ltr'><strong>loco,</strong></span> <span class='ocrx_word' id='word_1_7' title='bbox 600 387 732 454; x_wconf 85' lang='lat' dir='ltr'><strong>peccatve</strong></span> <span class='ocrx_word' id='word_1_8' title='bbox 744 376 873 452; x_wconf 84' lang='lat' dir='ltr'>superne,</span> <span class='ocrx_word' id='word_1_9' title='bbox 965 364 972 372; x_wconf 49' lang='lat'><em>⁶</em></span> 
     </span>
    </p>

    <p class='ocr_par' dir='ltr' id='par_1_3' title="bbox 177 479 910 556">
     <span class='ocr_line' id='line_1_3' title="bbox 177 479 910 556; baseline 0 -19"><span class='ocrx_word' id='word_1_10' title='bbox 177 483 254 538; x_wconf 88' lang='lat' dir='ltr'><strong>Cum</strong></span> <span class='ocrx_word' id='word_1_11' title='bbox 264 491 293 538; x_wconf 90' lang='lat' dir='ltr'><strong>te</strong></span> <span class='ocrx_word' id='word_1_12' title='bbox 306 481 440 538; x_wconf 87' lang='lat' dir='ltr'><strong>formidet</strong></span> <span class='ocrx_word' id='word_1_13' title='bbox 452 481 563 552; x_wconf 88' lang='lat' dir='ltr'><strong>mulier,</strong></span> <span class='ocrx_word' id='word_1_14' title='bbox 578 500 670 556; x_wconf 89' lang='lat' dir='ltr'><strong>neque</strong></span> <span class='ocrx_word' id='word_1_15' title='bbox 683 481 778 538; x_wconf 89' lang='lat' dir='ltr'><strong>credat</strong></span> <span class='ocrx_word' id='word_1_16' title='bbox 791 479 910 538; x_wconf 83' lang='lat' dir='ltr'><strong>amanti.</strong></span> 
     </span>
    </p>

    <p class='ocr_par' dir='ltr' id='par_1_4' title="bbox 176 582 938 659">
     <span class='ocr_line' id='line_1_4' title="bbox 176 582 938 659; baseline -0.004 -19"><span class='ocrx_word' id='word_1_17' title='bbox 176 583 235 641; x_wconf 88' lang='lat' dir='ltr'>Ibis</span> <span class='ocrx_word' id='word_1_18' title='bbox 249 583 299 640; x_wconf 88' lang='lat' dir='ltr'><strong>sub</strong></span> <span class='ocrx_word' id='word_1_19' title='bbox 314 585 424 640; x_wconf 84' lang='lat' dir='ltr'><strong>furcam</strong></span> <span class='ocrx_word' id='word_1_20' title='bbox 436 585 567 659; x_wconf 87' lang='lat' dir='ltr'><strong>prudens,</strong></span> <span class='ocrx_word' id='word_1_21' title='bbox 582 583 754 658; x_wconf 90' lang='lat' dir='ltr'><strong>dominoque</strong></span> <span class='ocrx_word' id='word_1_22' title='bbox 767 582 875 639; x_wconf 86' lang='lat' dir='ltr'><strong>furenti</strong></span> <span class='ocrx_word' id='word_1_23' title='bbox 937 621 938 624; x_wconf 17' lang='grc' dir='ltr'>η</span> 
     </span>
    </p>

    <p class='ocr_par' dir='ltr' id='par_1_5' title="bbox 177 685 973 846">
     <span class='ocr_line' id='line_1_5' title="bbox 177 685 973 760; baseline -0.005 -16"><span class='ocrx_word' id='word_1_24' title='bbox 177 686 348 744; x_wconf 88' lang='lat' dir='ltr'><strong>Committes</strong></span> <span class='ocrx_word' id='word_1_25' title='bbox 362 705 422 744; x_wconf 89' lang='lat' dir='ltr'><strong>rem</strong></span> <span class='ocrx_word' id='word_1_26' title='bbox 435 705 561 754; x_wconf 86' lang='lat' dir='ltr'><strong>omnem,</strong></span> <span class='ocrx_word' id='word_1_27' title='bbox 581 695 609 743; x_wconf 90' lang='lat' dir='ltr'><strong>et</strong></span> <span class='ocrx_word' id='word_1_28' title='bbox 620 685 719 754; x_wconf 88' lang='lat' dir='ltr'><strong>vitam,</strong></span> <span class='ocrx_word' id='word_1_29' title='bbox 734 695 843 742; x_wconf 90' lang='lat' dir='ltr'><strong>etcum</strong></span> <span class='ocrx_word' id='word_1_30' title='bbox 858 701 973 760; x_wconf 89' lang='lat' dir='ltr'><strong>corpore</strong></span> 
     </span>
     <span class='ocr_line' id='line_1_6' title="bbox 255 789 371 846; baseline -0.009 -1"><span class='ocrx_word' id='word_1_31' title='bbox 255 789 371 846; x_wconf 88' lang='lat' dir='ltr'><strong>famam.</strong></span> 
     </span>
    </p>

    <p class='ocr_par' dir='ltr' id='par_1_6' title="bbox 176 889 822 965">
     <span class='ocr_line' id='line_1_7' title="bbox 176 889 822 965; baseline -0.005 -16"><span class='ocrx_word' id='word_1_32' title='bbox 176 891 287 949; x_wconf 80' lang='lat' dir='ltr'><strong>Evasti?</strong></span> <span class='ocrx_word' id='word_1_33' title='bbox 309 901 417 948; x_wconf 86' lang='lat' dir='ltr'><strong>metues</strong></span> <span class='ocrx_word' id='word_1_34' title='bbox 430 892 522 959; x_wconf 89' lang='lat' dir='ltr'><strong>credo,</strong></span> <span class='ocrx_word' id='word_1_35' title='bbox 537 891 690 965; x_wconf 71' lang='lat' dir='ltr'><strong>dodtusque</strong></span> <span class='ocrx_word' id='word_1_36' title='bbox 703 889 822 946; x_wconf 85' lang='lat' dir='ltr'><strong>cavebis.</strong></span> 
     </span>
    </p>

    <p class='ocr_par' dir='ltr' id='par_1_7' title="bbox 177 992 942 1069">
     <span class='ocr_line' id='line_1_8' title="bbox 177 992 942 1069; baseline -0.003 -19"><span class='ocrx_word' id='word_1_37' title='bbox 177 996 296 1051; x_wconf 65' lang='lat' dir='ltr'><strong>Quaeres</strong></span> <span class='ocrx_word' id='word_1_38' title='bbox 308 994 422 1069; x_wconf 83' lang='lat' dir='ltr'><strong>quaudo</strong></span> <span class='ocrx_word' id='word_1_39' title='bbox 437 993 541 1050; x_wconf 88' lang='lat' dir='ltr'><strong>iterum</strong></span> <span class='ocrx_word' id='word_1_40' title='bbox 553 1011 662 1069; x_wconf 84' lang='lat' dir='ltr'><strong>paveas,</strong></span> <span class='ocrx_word' id='word_1_41' title='bbox 676 993 838 1068; x_wconf 81' lang='lat' dir='ltr'><strong>iterumque</strong></span> <span class='ocrx_word' id='word_1_42' title='bbox 851 992 942 1068; x_wconf 85' lang='lat' dir='ltr'><strong>perire</strong></span> 
     </span>
    </p>

    <p class='ocr_par' dir='ltr' id='par_1_8' title="bbox 176 1095 847 1170">
     <span class='ocr_line' id='line_1_9' title="bbox 176 1095 847 1170; baseline -0.004 -16"><span class='ocrx_word' id='word_1_43' title='bbox 176 1097 269 1155; x_wconf 89' lang='lat' dir='ltr'><strong>Poffis.</strong></span> <span class='ocrx_word' id='word_1_44' title='bbox 290 1159 293 1166; x_wconf 56' lang='grc'>,</span> <span class='ocrx_word' id='word_1_45' title='bbox 311 1096 339 1152; x_wconf 93' lang='lat' dir='ltr'>O</span> <span class='ocrx_word' id='word_1_46' title='bbox 353 1095 434 1152; x_wconf 72' lang='lat' dir='ltr'><strong>toties</strong></span> <span class='ocrx_word' id='word_1_47' title='bbox 448 1096 553 1152; x_wconf 85' lang='lat' dir='ltr'><strong>servus!</strong></span> <span class='ocrx_word' id='word_1_48' title='bbox 577 1115 640 1169; x_wconf 86' lang='lat' dir='ltr'><strong>quae</strong></span> <span class='ocrx_word' id='word_1_49' title='bbox 653 1095 735 1153; x_wconf 86' lang='lat' dir='ltr'><strong>belua</strong></span> <span class='ocrx_word' id='word_1_50' title='bbox 748 1095 847 1170; x_wconf 84' lang='lat' dir='ltr'><strong>ruptis,</strong></span> 
     </span>
    </p>

    <p class='ocr_par' dir='ltr' id='par_1_9' title="bbox 173 1197 855 1274">
     <span class='ocr_line' id='line_1_10' title="bbox 173 1197 855 1274; baseline -0.007 -17"><span class='ocrx_word' id='word_1_51' title='bbox 173 1201 254 1257; x_wconf 85' lang='lat' dir='ltr'><strong>Cum</strong></span> <span class='ocrx_word' id='word_1_52' title='bbox 267 1199 352 1255; x_wconf 87' lang='lat' dir='ltr'><strong>semel</strong></span> <span class='ocrx_word' id='word_1_53' title='bbox 366 1197 476 1274; x_wconf 82' lang='lat' dir='ltr'><strong>effugit,</strong></span> <span class='ocrx_word' id='word_1_54' title='bbox 492 1197 583 1254; x_wconf 88' lang='lat' dir='ltr'><strong>reddit</strong></span> <span class='ocrx_word' id='word_1_55' title='bbox 596 1198 624 1254; x_wconf 88' lang='lat' dir='ltr'><strong>se</strong></span> <span class='ocrx_word' id='word_1_56' title='bbox 634 1217 720 1273; x_wconf 86' lang='lat' dir='ltr'><strong>prava</strong></span> <span class='ocrx_word' id='word_1_57' title='bbox 733 1197 855 1254; x_wconf 84' lang='lat' dir='ltr'><strong>catenis?</strong></span> 
     </span>
    </p>

    <p class='ocr_par' dir='ltr' id='par_1_10' title="bbox 177 1301 973 1462">
     <span class='ocr_line' id='line_1_11' title="bbox 177 1301 973 1377; baseline -0.004 -16"><span class='ocrx_word' id='word_1_58' title='bbox 177 1304 247 1361; x_wconf 90' lang='lat' dir='ltr'><strong>Nou</strong></span> <span class='ocrx_word' id='word_1_59' title='bbox 268 1303 331 1359; x_wconf 88' lang='lat' dir='ltr'><strong>sum</strong></span> <span class='ocrx_word' id='word_1_60' title='bbox 350 1302 485 1370; x_wconf 86' lang='lat' dir='ltr'><strong>moechus,</strong></span> <span class='ocrx_word' id='word_1_61' title='bbox 505 1301 558 1358; x_wconf 83' lang='lat' dir='ltr'><strong>ais:</strong></span> <span class='ocrx_word' id='word_1_62' title='bbox 581 1320 672 1376; x_wconf 89' lang='lat' dir='ltr'><strong>neque</strong></span> <span class='ocrx_word' id='word_1_63' title='bbox 684 1321 747 1377; x_wconf 85' lang='lat' dir='ltr'><strong>ego,</strong></span> <span class='ocrx_word' id='word_1_64' title='bbox 772 1301 895 1372; x_wconf 88' lang='lat' dir='ltr'><strong>hercule,</strong></span> <span class='ocrx_word' id='word_1_65' title='bbox 918 1301 973 1370; x_wconf 79' lang='lat' dir='ltr'><strong>fur,</strong></span> 
     </span>
     <span class='ocr_line' id='line_1_12' title="bbox 256 1405 382 1462; baseline 0.008 -1"><span class='ocrx_word' id='word_1_66' title='bbox 256 1405 306 1462; x_wconf 90' lang='lat' dir='ltr'><strong>ubi</strong></span> <span class='ocrx_word' id='word_1_67' title='bbox 319 1405 382 1462; x_wconf 85' lang='lat' dir='ltr'><strong>vasa</strong></span> 
     </span>
    </p>

    <p class='ocr_par' dir='ltr' id='par_1_11' title="bbox 177 1507 844 1584">
     <span class='ocr_line' id='line_1_13' title="bbox 177 1507 844 1584; baseline -0.006 -17"><span class='ocrx_word' id='word_1_68' title='bbox 177 1509 316 1567; x_wconf 87' lang='lat' dir='ltr'><strong>Praetereo</strong></span> <span class='ocrx_word' id='word_1_69' title='bbox 329 1509 438 1583; x_wconf 86' lang='lat' dir='ltr'><strong>patiens</strong></span> <span class='ocrx_word' id='word_1_70' title='bbox 450 1517 595 1584; x_wconf 84' lang='lat' dir='ltr'><strong>argentea:</strong></span> <span class='ocrx_word' id='word_1_71' title='bbox 619 1509 686 1564; x_wconf 91' lang='lat' dir='ltr'><strong>tolle</strong></span> <span class='ocrx_word' id='word_1_72' title='bbox 699 1507 844 1583; x_wconf 85' lang='lat' dir='ltr'><strong>periclum,</strong></span> 
     </span>
    </p>

    <p class='ocr_par' dir='ltr' id='par_1_12' title="bbox 175 1610 816 1688">
     <span class='ocr_line' id='line_1_14' title="bbox 175 1610 816 1688; baseline -0.005 -20"><span class='ocrx_word' id='word_1_73' title='bbox 175 1611 243 1688; x_wconf 85' lang='lat' dir='ltr'><strong>Jam</strong></span> <span class='ocrx_word' id='word_1_74' title='bbox 255 1631 326 1687; x_wconf 87' lang='lat' dir='ltr'><strong>vaga</strong></span> <span class='ocrx_word' id='word_1_75' title='bbox 337 1611 460 1686; x_wconf 78' lang='lat' dir='ltr'><strong>prosiliet</strong></span> <span class='ocrx_word' id='word_1_76' title='bbox 473 1610 566 1667; x_wconf 83' lang='lat' dir='ltr'><strong>fraenis</strong></span> <span class='ocrx_word' id='word_1_77' title='bbox 580 1619 679 1668; x_wconf 90' lang='lat' dir='ltr'><strong>natura</strong></span> <span class='ocrx_word' id='word_1_78' title='bbox 693 1610 816 1666; x_wconf 85' lang='lat' dir='ltr'><strong>remotis.</strong></span> 
     </span>
    </p>

    <p class='ocr_par' dir='ltr' id='par_1_13' title="bbox 173 1711 973 1788">
     <span class='ocr_line' id='line_1_15' title="bbox 173 1711 973 1788; baseline -0.003 -17"><span class='ocrx_word' id='word_1_79' title='bbox 173 1715 262 1771; x_wconf 89' lang='lat' dir='ltr'><strong>Tune</strong></span> <span class='ocrx_word' id='word_1_80' title='bbox 275 1713 347 1770; x_wconf 89' lang='lat' dir='ltr'><strong>mihi</strong></span> <span class='ocrx_word' id='word_1_81' title='bbox 361 1713 502 1782; x_wconf 89' lang='lat' dir='ltr'><strong>dominus,</strong></span> <span class='ocrx_word' id='word_1_82' title='bbox 523 1731 618 1770; x_wconf 89' lang='lat' dir='ltr'><strong>rerum</strong></span> <span class='ocrx_word' id='word_1_83' title='bbox 630 1712 754 1788; x_wconf 88' lang='lat' dir='ltr'><strong>imperiis</strong></span> <span class='ocrx_word' id='word_1_84' title='bbox 766 1711 973 1788; x_wconf 89' lang='lat' dir='ltr'><strong>hominumque</strong></span> 
     </span>
    </p>

    <p class='ocr_par' dir='ltr' id='par_1_14' title="bbox 172 1814 974 1892">
     <span class='ocr_line' id='line_1_16' title="bbox 172 1814 974 1892; baseline -0.004 -19"><span class='ocrx_word' id='word_1_85' title='bbox 172 1817 236 1873; x_wconf 86' lang='lat' dir='ltr'><strong>Tot</strong></span> <span class='ocrx_word' id='word_1_86' title='bbox 246 1815 390 1889; x_wconf 82' lang='lat' dir='ltr'><strong>tantisque</strong></span> <span class='ocrx_word' id='word_1_87' title='bbox 401 1814 510 1871; x_wconf 89' lang='lat' dir='ltr'><strong>minor?</strong></span> <span class='ocrx_word' id='word_1_88' title='bbox 532 1835 618 1892; x_wconf 89' lang='lat' dir='ltr'><strong>quern</strong></span> <span class='ocrx_word' id='word_1_89' title='bbox 632 1827 674 1872; x_wconf 88' lang='lat' dir='ltr'><strong>ter</strong></span> <span class='ocrx_word' id='word_1_90' title='bbox 684 1815 806 1872; x_wconf 66' lang='lat' dir='ltr'><strong>vindihla</strong></span> <span class='ocrx_word' id='word_1_91' title='bbox 820 1826 974 1891; x_wconf 83' lang='lat' dir='ltr'><strong>quaterque</strong></span> 
     </span>
    </p>

    <p class='ocr_par' dir='ltr' id='par_1_15' title="bbox 177 1917 940 1994">
     <span class='ocr_line' id='line_1_17' title="bbox 177 1917 940 1994; baseline 0 -20"><span class='ocrx_word' id='word_1_92' title='bbox 177 1917 311 1994; x_wconf 71' lang='lat' dir='ltr'><strong>imposita</strong></span> <span class='ocrx_word' id='word_1_93' title='bbox 324 1917 400 1973; x_wconf 90' lang='lat' dir='ltr'><strong>haud</strong></span> <span class='ocrx_word' id='word_1_94' title='bbox 413 1935 540 1991; x_wconf 87' lang='lat' dir='ltr'><strong>unquam</strong></span> <span class='ocrx_word' id='word_1_95' title='bbox 553 1917 653 1974; x_wconf 66' lang='lat' dir='ltr'><strong>miseri</strong></span> <span class='ocrx_word' id='word_1_96' title='bbox 666 1917 818 1975; x_wconf 85' lang='lat' dir='ltr'><strong>formidine</strong></span> <span class='ocrx_word' id='word_1_97' title='bbox 830 1917 940 1993; x_wconf 79' lang='lat' dir='ltr'><strong>privet?</strong></span> 
     </span>
    </p>

    <p class='ocr_par' dir='ltr' id='par_1_16' title="bbox 177 2018 931 2095">
     <span class='ocr_line' id='line_1_18' title="bbox 177 2018 931 2095; baseline -0.001 -16"><span class='ocrx_word' id='word_1_98' title='bbox 177 2021 264 2080; x_wconf 88' lang='lat' dir='ltr'><strong>Adde</strong></span> <span class='ocrx_word' id='word_1_99' title='bbox 276 2020 365 2095; x_wconf 89' lang='lat' dir='ltr'><strong>super,</strong></span> <span class='ocrx_word' id='word_1_100' title='bbox 380 2018 460 2076; x_wconf 74' lang='lat' dir='ltr'><strong>diuis</strong></span> <span class='ocrx_word' id='word_1_101' title='bbox 474 2020 549 2094; x_wconf 92' lang='lat' dir='ltr'><strong>quod</strong></span> <span class='ocrx_word' id='word_1_102' title='bbox 561 2038 618 2075; x_wconf 91' lang='lat' dir='ltr'><strong>non</strong></span> <span class='ocrx_word' id='word_1_103' title='bbox 632 2019 719 2077; x_wconf 88' lang='lat' dir='ltr'><strong>levius</strong></span> <span class='ocrx_word' id='word_1_104' title='bbox 732 2021 839 2091; x_wconf 82' lang='lat' dir='ltr'><strong>valeat3</strong></span> <span class='ocrx_word' id='word_1_105' title='bbox 861 2041 931 2078; x_wconf 84' lang='lat' dir='ltr'><strong>narn</strong></span> 
     </span>
    </p>

    <p class='ocr_par' dir='ltr' id='par_1_17' title="bbox 176 2121 826 2199">
     <span class='ocr_line' id='line_1_19' title="bbox 176 2121 826 2199; baseline 0.003 -19"><span class='ocrx_word' id='word_1_106' title='bbox 176 2123 244 2182; x_wconf 84' lang='lat' dir='ltr'><strong>Sive</strong></span> <span class='ocrx_word' id='word_1_107' title='bbox 256 2121 376 2182; x_wconf 83' lang='lat' dir='ltr'><strong>vicarius</strong></span> <span class='ocrx_word' id='word_1_108' title='bbox 389 2122 436 2191; x_wconf 86' lang='lat' dir='ltr'><strong>est,</strong></span> <span class='ocrx_word' id='word_1_109' title='bbox 451 2122 500 2197; x_wconf 91' lang='lat' dir='ltr'><strong>qui</strong></span> <span class='ocrx_word' id='word_1_110' title='bbox 514 2122 591 2178; x_wconf 76' lang='lat' dir='ltr'><strong>seruo</strong></span> <span class='ocrx_word' id='word_1_111' title='bbox 602 2131 682 2198; x_wconf 89' lang='lat' dir='ltr'><strong>paret</strong></span> <span class='ocrx_word' id='word_1_112' title='bbox 696 2123 752 2199; x_wconf 88' lang='lat' dir='ltr'><strong>(uti</strong></span> <span class='ocrx_word' id='word_1_113' title='bbox 765 2143 826 2182; x_wconf 90' lang='lat' dir='ltr'><strong>mos</strong></span> 
     </span>
    </p>

    <p class='ocr_par' dir='ltr' id='par_1_18' title="bbox 175 2224 1024 2405">
     <span class='ocr_line' id='line_1_20' title="bbox 175 2224 1024 2303; baseline 0.004 -21"><span class='ocrx_word' id='word_1_114' title='bbox 175 2227 277 2284; x_wconf 87' lang='lat' dir='ltr'><strong>Vester</strong></span> <span class='ocrx_word' id='word_1_115' title='bbox 300 2226 352 2294; x_wconf 76' lang='lat' dir='ltr'><strong>ait)</strong></span> <span class='ocrx_word' id='word_1_116' title='bbox 379 2225 428 2282; x_wconf 88' lang='lat' dir='ltr'><strong>seu</strong></span> <span class='ocrx_word' id='word_1_117' title='bbox 449 2224 596 2282; x_wconf 87' lang='lat' dir='ltr'><strong>conservus</strong></span> <span class='ocrx_word' id='word_1_118' title='bbox 602 2250 610 2294; x_wconf 82' lang='lat'>3</span> <span class='ocrx_word' id='word_1_119' title='bbox 644 2225 696 2282; x_wconf 79' lang='lat' dir='ltr'><strong>tibi</strong></span> <span class='ocrx_word' id='word_1_120' title='bbox 717 2227 786 2301; x_wconf 88' lang='lat' dir='ltr'><strong>quid</strong></span> <span class='ocrx_word' id='word_1_121' title='bbox 812 2227 875 2284; x_wconf 90' lang='lat' dir='ltr'><strong>sum</strong></span> <span class='ocrx_word' id='word_1_122' title='bbox 901 2229 972 2303; x_wconf 82' lang='lat' dir='ltr'><strong>ego?</strong></span> <span class='ocrx_word' id='word_1_123' title='bbox 1022 2263 1024 2270; x_wconf 79' lang='lat'><em>=</em></span> 
     </span>
     <span class='ocr_line' id='line_1_21' title="bbox 256 2334 759 2405; baseline -0.002 -19"><span class='ocrx_word' id='word_1_124' title='bbox 256 2349 358 2405; x_wconf 85' lang='lat' dir='ltr'><strong>nempe</strong></span> <span class='ocrx_word' id='word_1_125' title='bbox 756 2334 759 2342; x_wconf 91' lang='lat'>&#39;</span> 
     </span>
    </p>

    <p class='ocr_par' dir='ltr' id='par_1_19' title="bbox 173 2415 935 2508">
     <span class='ocr_line' id='line_1_22' title="bbox 173 2415 935 2508; baseline 0.001 -19"><span class='ocrx_word' id='word_1_126' title='bbox 173 2433 235 2501; x_wconf 79' lang='lat' dir='ltr'><strong>uu,</strong></span> <span class='ocrx_word' id='word_1_127' title='bbox 249 2429 321 2488; x_wconf 76' lang='lat' dir='ltr'><strong>min</strong></span> <span class='ocrx_word' id='word_1_128' title='bbox 334 2415 549 2506; x_wconf 58' lang='lat' dir='ltr'><strong>quimus,</strong></span> <span class='ocrx_word' id='word_1_129' title='bbox 564 2429 624 2488; x_wconf 72' lang='lat' dir='ltr'><strong>anis</strong></span> <span class='ocrx_word' id='word_1_130' title='bbox 637 2431 827 2503; x_wconf 62' lang='lat' dir='ltr'><strong>seruentur,</strong></span> <span class='ocrx_word' id='word_1_131' title='bbox 850 2441 935 2508; x_wconf 82' lang='lat' dir='ltr'><strong>atque</strong></span> 
     </span>
    </p>

    <p class='ocr_par' dir='ltr' id='par_1_20' title="bbox 177 2531 816 2610">
     <span class='ocr_line' id='line_1_23' title="bbox 177 2531 816 2610; baseline 0 -18"><span class='ocrx_word' id='word_1_132' title='bbox 177 2533 307 2603; x_wconf 86' lang='lat' dir='ltr'><strong>Duceris,</strong></span> <span class='ocrx_word' id='word_1_133' title='bbox 320 2541 353 2590; x_wconf 86' lang='lat' dir='ltr'><strong>ut</strong></span> <span class='ocrx_word' id='word_1_134' title='bbox 363 2533 456 2590; x_wconf 87' lang='lat' dir='ltr'><strong>nervis</strong></span> <span class='ocrx_word' id='word_1_135' title='bbox 468 2531 565 2590; x_wconf 90' lang='lat' dir='ltr'><strong>alienis</strong></span> <span class='ocrx_word' id='word_1_136' title='bbox 578 2533 683 2590; x_wconf 89' lang='lat' dir='ltr'><strong>mobile</strong></span> <span class='ocrx_word' id='word_1_137' title='bbox 696 2533 816 2610; x_wconf 88' lang='lat' dir='ltr'><strong>lignum.</strong></span> 
     </span>
    </p>

    <p class='ocr_par' dir='ltr' id='par_1_21' title="bbox 175 2633 971 2713">
     <span class='ocr_line' id='line_1_24' title="bbox 175 2633 971 2713; baseline 0.003 -19"><span class='ocrx_word' id='word_1_138' title='bbox 175 2635 322 2694; x_wconf 48' lang='lat' dir='ltr'><strong>&#39;Quisnam</strong></span> <span class='ocrx_word' id='word_1_139' title='bbox 333 2633 422 2711; x_wconf 85' lang='lat' dir='ltr'><strong>igitur</strong></span> <span class='ocrx_word' id='word_1_140' title='bbox 432 2634 518 2692; x_wconf 85' lang='lat' dir='ltr'><strong>liber?</strong></span> <span class='ocrx_word' id='word_1_141' title='bbox 534 2635 661 2710; x_wconf 86' lang='lat' dir='ltr'><strong>Sapiens:</strong></span> <span class='ocrx_word' id='word_1_142' title='bbox 675 2636 725 2694; x_wconf 86' lang='lat' dir='ltr'><strong>fibi</strong></span> <span class='ocrx_word' id='word_1_143' title='bbox 734 2638 784 2711; x_wconf 89' lang='lat' dir='ltr'><strong>qui</strong></span> <span class='ocrx_word' id='word_1_144' title='bbox 794 2637 971 2713; x_wconf 68' lang='lat' dir='ltr'><strong>imperiosus,</strong></span> 
     </span>
    </p>

    <p class='ocr_par' dir='ltr' id='par_1_22' title="bbox 177 2736 974 2910">
     <span class='ocr_line' id='line_1_25' title="bbox 177 2736 974 2816; baseline 0.003 -20"><span class='ocrx_word' id='word_1_145' title='bbox 177 2740 278 2796; x_wconf 69' lang='lat' dir='ltr'><strong>¹(luem</strong></span> <span class='ocrx_word' id='word_1_146' title='bbox 291 2755 383 2812; x_wconf 86' lang='lat' dir='ltr'><strong>neque</strong></span> <span class='ocrx_word' id='word_1_147' title='bbox 393 2736 546 2812; x_wconf 86' lang='lat' dir='ltr'><strong>pauperies,</strong></span> <span class='ocrx_word' id='word_1_148' title='bbox 560 2755 651 2812; x_wconf 85' lang='lat' dir='ltr'><strong>neque</strong></span> <span class='ocrx_word' id='word_1_149' title='bbox 662 2757 745 2810; x_wconf 87' lang='lat' dir='ltr'><strong>mors,</strong></span> <span class='ocrx_word' id='word_1_150' title='bbox 757 2759 849 2816; x_wconf 91' lang='lat' dir='ltr'><strong>neque</strong></span> <span class='ocrx_word' id='word_1_151' title='bbox 859 2740 974 2800; x_wconf 80' lang='lat' dir='ltr'><strong>vincula</strong></span> 
     </span>
     <span class='ocr_line' id='line_1_26' title="bbox 255 2848 374 2910; baseline -0.017 -12"><span class='ocrx_word' id='word_1_152' title='bbox 255 2848 374 2910; x_wconf 69' lang='lat' dir='ltr'><strong>terrent,</strong></span> 
     </span>
    </p>

    <p class='ocr_par' dir='ltr' id='par_1_23' title="bbox 179 2940 882 3020">
     <span class='ocr_line' id='line_1_27' title="bbox 179 2940 882 3020; baseline 0.004 -20"><span class='ocrx_word' id='word_1_153' title='bbox 179 2943 350 3020; x_wconf 83' lang='lat' dir='ltr'><strong>Responsare</strong></span> <span class='ocrx_word' id='word_1_154' title='bbox 363 2940 549 3018; x_wconf 62' lang='lat' dir='ltr'><strong>cupidinibus</strong></span> <span class='ocrx_word' id='word_1_155' title='bbox 564 2952 744 3001; x_wconf 87' lang='lat' dir='ltr'><strong>contemnere</strong></span> <span class='ocrx_word' id='word_1_156' title='bbox 755 2945 882 3016; x_wconf 90' lang='lat' dir='ltr'><strong>honores,</strong></span> 
     </span>
    </p>

    <p class='ocr_par' dir='ltr' id='par_1_24' title="bbox 178 3045 927 3121">
     <span class='ocr_line' id='line_1_28' title="bbox 178 3045 927 3121; baseline 0.001 -18"><span class='ocrx_word' id='word_1_157' title='bbox 178 3045 277 3116; x_wconf 91' lang='lat' dir='ltr'><strong>Fortis,</strong></span> <span class='ocrx_word' id='word_1_158' title='bbox 298 3046 370 3102; x_wconf 90' lang='lat' dir='ltr'><strong>etin</strong></span> <span class='ocrx_word' id='word_1_159' title='bbox 384 3045 473 3120; x_wconf 90' lang='lat' dir='ltr'><strong>seipso</strong></span> <span class='ocrx_word' id='word_1_160' title='bbox 487 3053 577 3116; x_wconf 78' lang='lat' dir='ltr'><strong>totus3</strong></span> <span class='ocrx_word' id='word_1_161' title='bbox 599 3055 670 3102; x_wconf 90' lang='lat' dir='ltr'><strong>teres</strong></span> <span class='ocrx_word' id='word_1_162' title='bbox 684 3056 768 3121; x_wconf 86' lang='lat' dir='ltr'><strong>atque</strong></span> <span class='ocrx_word' id='word_1_163' title='bbox 782 3049 927 3118; x_wconf 86' lang='lat' dir='ltr'><strong>rotundus,</strong></span> 
     </span>
    </p>

    <p class='ocr_par' dir='ltr' id='par_1_25' title="bbox 178 3147 790 3222">
     <span class='ocr_line' id='line_1_29' title="bbox 178 3147 790 3222; baseline 0 -16"><span class='ocrx_word' id='word_1_164' title='bbox 178 3149 295 3206; x_wconf 84' lang='lat' dir='ltr'><strong>Externi</strong></span> <span class='ocrx_word' id='word_1_165' title='bbox 309 3167 345 3204; x_wconf 85' lang='lat' dir='ltr'><strong>ne</strong></span> <span class='ocrx_word' id='word_1_166' title='bbox 357 3147 426 3222; x_wconf 89' lang='lat' dir='ltr'><strong>quid</strong></span> <span class='ocrx_word' id='word_1_167' title='bbox 436 3148 527 3206; x_wconf 81' lang='lat' dir='ltr'><strong>valeat</strong></span> <span class='ocrx_word' id='word_1_168' title='bbox 541 3167 591 3222; x_wconf 87' lang='lat' dir='ltr'><strong>per</strong></span> <span class='ocrx_word' id='word_1_169' title='bbox 602 3149 663 3206; x_wconf 83' lang='lat' dir='ltr'><strong>leve</strong></span> <span class='ocrx_word' id='word_1_170' title='bbox 673 3151 790 3220; x_wconf 88' lang='lat' dir='ltr'><strong>morari;</strong></span> 
     </span>
    </p>
   </div>
   <div class='ocr_carea' id='block_1_3' title="bbox 0 0 1126 3680">
    <p class='ocr_par' dir='ltr' id='par_1_26' title="bbox 0 0 1126 3680">
     <span class='ocr_line' id='line_1_30' title="bbox 0 0 1126 3680; baseline 0 3"><span class='ocrx_word' id='word_1_171' title='bbox 0 0 1126 3680; x_wconf 95' lang='lat' dir='ltr'><strong> </strong></span> 
     </span>
    </p>
   </div>
  </div>
 </body>
</html>
