2242 3680
370 207 372 210 ’
444 205 539 264 LIB.
564 205 588 264 1.
626 205 657 262 ii.
919 205 944 270 ’7

147 329 227 388 Dum
239 327 331 386 vitant
344 329 421 388 stulti
432 330 511 402 vitia,
530 331 562 387 in
574 327 711 388 contraria
723 337 847 386 currunt.

146 431 310 490 Malchinus
323 432 426 490 tunicis
439 431 560 492 demiffis
573 433 712 502 ambulen
735 432 783 502 est,
805 431 855 506 qui

147 536 261 612 Inguen
274 536 310 592 ad
319 535 482 594 obscoenum
494 535 635 593 subductis
647 535 736 610 usque
748 534 869 591 facetus:

146 637 270 694 Pastillos
283 638 403 696 Rufillus
416 639 483 709 olet,
503 637 662 715 Gorgonius
673 635 797 694 hircum:

146 739 200 796 Nil
222 739 351 798 medium
368 741 416 798 est.
457 741 537 811 Sunt,
557 740 607 816 qui
627 739 720 801 nolint
740 737 870 816 tetigitte,
891 735 943 796 niti

224 843 286 902 illas

147 947 280 1004 Quarum
292 945 406 1015 subsutd
418 947 489 1004 talos
503 953 581 1023 tegat
592 945 686 1004 instita
698 945 784 1004 veste:

145 1046 254 1106 Contra
268 1048 337 1106 alius
350 1049 468 1120 nuliam,
481 1049 533 1106 nisa
545 1049 639 1106 olente
652 1048 684 1105 in
695 1046 803 1105 fornice
814 1046 940 1104 stantem.

146 1150 274 1208 Quidam
286 1160 370 1209 notus
382 1151 469 1208 homo
482 1171 549 1208 cum
562 1151 652 1208 exiret
664 1149 771 1208 fornice
775 1174 783 1220 5
806 1149 905 1207 Made

144 1252 259 1310 Virtute
272 1253 338 1324 esto,
357 1253 452 1328 inquit
464 1251 603 1313 sententia
616 1252 662 1310 dia
673 1251 803 1310 Catonis:

141 1355 223 1412 Nam
236 1355 362 1414 simulac
374 1373 458 1414 venas
470 1355 581 1412 inflavit
593 1363 664 1412 tetra
676 1354 773 1424 libido,

143 1457 211 1514 Huc
219 1456 337 1534 juvenes
351 1477 465 1533 aeqnum
477 1458 517 1514 est
529 1457 711 1514 descendere:
734 1475 792 1514 non
804 1457 907 1516 alienas

142 1560 301 1617 Permolere
313 1579 421 1618 uxores.
460 1559 562 1616 Nolim
574 1558 721 1630 laudarier,
740 1559 843 1635 inquit,

144 1661 189 1719 Sic
200 1681 257 1731 me,
278 1661 395 1718 mirator
407 1661 494 1718 cunni
505 1660 680 1736 Cupiennius
693 1661 760 1719 albi.

142 1763 253 1822 Audire
262 1764 302 1821 est
314 1782 405 1838 operae
417 1763 549 1840 pretium,
570 1764 717 1838 procedere
729 1765 804 1823 redte

145 1865 205 1924 Qui
217 1865 343 1922 moechos
356 1885 413 1922 non
426 1865 520 1934 vultis,
540 1873 573 1922 ut
586 1866 665 1922 omni
676 1875 756 1942 parte
769 1867 910 1940 laborent5

143 1969 242 2044 thue
254 1967 309 2025 illis
322 1969 414 2026 multo
425 1975 556 2044 conupta
569 1965 665 2025 dolore
674 1969 812 2046 voluptas,

142 2073 240 2146 Atque
251 2071 313 2128 haec
325 2090 395 2142 rara,
408 2071 491 2128 cadat
503 2071 572 2126 dura
581 2070 657 2128 inter
666 2070 739 2147 saepe
749 2072 861 2148 pericla.

142 2174 200 2232 Hic
211 2173 240 2231 se
252 2173 428 2249 praecipitem
441 2172 515 2230 tecto
527 2171 619 2230 dedit:
642 2172 690 2230 ille
703 2173 823 2249 flagellis

142 2277 191 2334 Au
202 2286 325 2334 mortem
335 2275 433 2332 caesns:
455 2273 567 2349 fugiens
580 2273 626 2331 hic
640 2273 745 2332 decidit
757 2294 851 2334 acrem

141 2380 310 2437 Praedonum
321 2377 352 2435 in
365 2377 491 2434 turbam:
514 2375 593 2434 dedit
605 2375 653 2434 hic
664 2395 715 2452 pro
729 2395 843 2454 corpore
854 2400 940 2440 num.

220 2501 295 2540 mos:

142 2585 229 2642 Hunc
241 2583 456 2660 perminxerunt
466 2582 590 2640 calones:
613 2582 683 2658 quin
696 2583 783 2642 etiam
795 2583 867 2644 illud

141 2686 266 2757 Accidit,
286 2693 320 2742 nt
333 2685 445 2742 cuidam
457 2685 538 2741 testea
550 2685 725 2761 caudamque
740 2686 860 2746 saiacem

141 2768 431 2847 Demeteretferrum.
451 2788 519 2864 Jure
530 2772 641 2844 omncs:
664 2787 754 2845 Galba
767 2792 897 2865 negabat.

140 2892 243 2950 Tutior·
253 2899 284 2950 at
294 2899 402 2966 quanto
414 2907 494 2948 merx
508 2888 591 2946 estin
604 2889 684 2949 claffe
697 2889 831 2947 secundi!

140 2992 351 3051 Libertinarum
364 2991 440 3062 dico;
462 2989 603 3048 Sallustius
615 2990 646 3048 in
659 2991 716 3066 qud

141 3097 211 3157 Non
223 3095 317 3161 minus
329 3095 442 3168 insanit,
455 3113 541 3171 quam
551 3093 601 3170 qui
614 3094 785 3154 moechatur:
807 3103 837 3156 at
847 3097 894 3163 hic
905 3099 935 3173 fi,
