2238 3686
196 278 251 342 166
367 285 431 344 -DE
455 288 578 348 ARTE
602 286 812 348 POETICA.

1093 419 1094 450 l

193 412 232 469 Et
244 411 395 488 longorum
408 433 526 491 opemm
539 417 618 474 finis:
641 436 677 474 ne
687 417 760 472 forte
773 409 876 490 pudori

195 514 237 570 Sit
249 513 301 571 tibi
315 515 399 573 Musa
412 518 480 593 lyrae
493 518 584 589 solers,
598 529 627 577 et
640 530 738 576 cantor
752 515 866 592 Apollo,

195 618 306 675 Naturd
320 618 401 676 fieret
412 621 553 679 laudabile
566 641 688 691 carmen,
702 639 739 677 an
752 631 819 687 arte,

196 719 357 777 Quaefitum
369 722 422 778 est:
445 743 499 800 ego
512 744 564 782 nec
577 724 699 781 studium
714 724 772 779 fine
785 719 874 777 divite
886 703 966 786 vend,
1093 743 1094 780 l

161 845 164 852 Δ
195 821 260 878 Nec
271 822 342 878 rude
354 822 423 897 quid
434 825 516 900 poffit
527 825 609 883 video
622 825 787 902 ingenium:
810 821 924 880 alterius
937 820 972 876 fic

198 924 295 981 Altera
309 925 398 1000 poscit
411 945 495 1002 opem
509 947 560 998 rea,
581 939 610 985 et
623 927 750 1004 conjurat
765 925 862 984 amice.

197 1026 259 1084 Qui
272 1027 363 1084 studet
376 1037 503 1106 optatam
516 1030 599 1088 cursu
612 1031 776 1107 contingere
790 1039 906 1098 metam,

196 1129 293 1186 Multa
308 1129 375 1185 tulit
387 1130 512 1206 fecitque
525 1151 609 1208 puer3
632 1133 750 1201 sudavit,
765 1143 794 1190 et
808 1131 883 1200 alfit3

196 1230 343 1288 Abstinuit
355 1222 474 1302 Venere,¹
488 1244 517 1290 et
530 1235 610 1291 vino:
633 1234 683 1310 qui
697 1234 798 1311 Pythia
811 1242 909 1290 cantat

194 1333 324 1403 Tibicen,
339 1334 438 1392 didicit
451 1336 537 1412 prius,
551 1337 741 1413 extimuitque
754 1337 930 1414 magistrum.

98 1463 101 1466 ·
196 1439 260 1494 Nec
271 1436 336 1494 satis
349 1438 388 1495 est
401 1438 509 1508 dixiffe,
530 1446 538 1471 ‘
552 1441 614 1516 Ego
627 1440 698 1498 mira
711 1441 842 1515 poimata
854 1457 964 1514 pango:

198 1537 350 1614 ‘Occupet
367 1550 528 1598 extremum
541 1541 645 1599 scabies
650 1567 659 1614 3
680 1541 752 1600 mihi
772 1551 853 1617 turpe
871 1539 994 1616 relinqui

275 1643 322 1712 est,

200 1752 208 1778 ‘
222 1747 268 1816 Et,
283 1747 359 1821 quod
372 1765 430 1803 non
444 1747 540 1818 didici,
554 1749 620 1806 sane
633 1748 739 1806 nescire
752 1745 852 1805 fateri?

198 1849 243 1906 Ut
255 1866 346 1923 praeco
360 1849 395 1905 ad
406 1867 511 1906 merces
525 1853 639 1908 turbam
651 1850 701 1926 qui
714 1849 792 1927 cogit
804 1849 947 1918 emendas,

198 1951 389 2009 Affentatores
398 1949 480 2026 jubet
493 1953 529 2008 ad
541 1953 653 2010 lucrum
663 1952 704 2010 ire
716 1953 799 2028 poita

198 2051 285 2111 Dives
295 2053 380 2130 agris,
394 2053 471 2111 dives
484 2055 579 2130 positis
593 2054 623 2111 in
636 2055 744 2112 foenore
758 2053 892 2111 nummis.

198 2155 227 2212 Si
241 2175 306 2214 vero
319 2157 367 2226 est,
380 2157 499 2214 unitum
512 2157 562 2232 qui
575 2158 649 2214 redte
661 2176 766 2233 ponere
778 2156 871 2232 possit,

198 2259 237 2315 Et
247 2258 382 2334 spondere
394 2259 449 2315 levi
463 2279 513 2335 pro
526 2278 657 2336 paupere,
671 2270 700 2316 et
712 2259 820 2335 eripere
832 2259 899 2316 artis

198 2359 310 2418 Litibus
322 2359 508 2436 implicitum3
530 2361 663 2438 mirabor,
677 2363 698 2419 si
711 2361 781 2418 sciet
793 2362 882 2419 inter-

198 2463 324 2520 Noscere
337 2465 504 2521 mendacem
517 2483 672 2540 verumque
684 2467 782 2522 beatus
795 2464 930 2521 amicum.

198 2568 255 2635 Tu,
270 2565 318 2622 seu
332 2565 452 2637 donaris,
467 2566 597 2642 seuquid
610 2568 714 2625 donare
725 2567 801 2624 voles
814 2565 870 2635 cui,

200 2667 302 2726 Nolito
316 2668 457 2725 adversus
470 2667 523 2725 tibi
534 2669 622 2726 fabios
635 2670 737 2726 ducere
750 2669 868 2744 plenum

199 2769 321 2828 Laetitiae
328 2795 335 2840 ;
358 2770 493 2828 clamabit
505 2770 591 2841 enirn,
614 2772 768 2829 ‘Pulchrel
791 2772 878 2829 bene!
901 2771 1001 2830 redtel'

199 2874 346 2944 Pallescct3
369 2873 505 2949 superbis
518 2875 606 2932 etiam
617 2875 731 2933 stillabit
745 2875 841 2933 amicis

198 2977 243 3034 Ex
254 2977 342 3036 oculis
352 2995 459 3046 rorem;
480 2977 569 3048 saliet,
584 2979 684 3036 tundet
697 2980 769 3054 pede
782 2965 895 3036 terram.

197 3081 250 3149 Ut,
265 3079 314 3154 qui
327 3079 459 3136 conducti
471 3079 583 3154 plorant
596 3081 626 3136 in
640 3082 747 3152 sunere,
762 3082 861 3139 dicunt

196 3181 235 3257 Et
247 3181 356 3238 faciunt
368 3200 455 3257 prope
470 3183 552 3258 plura
565 3185 725 3243 dolentibus
738 3165 776 3244 eri
787 3185 897 3258 anim03
920 3175 960 3244 ¹sio
