2238 3686
458 239 551 301 LIB.
580 245 605 301 I.
645 239 697 332 xil,
900 247 955 312 109

152 359 228 443 Neo,
243 365 265 422 ss
278 374 307 422 te
320 367 429 426 validus
437 367 586 444 jutlaven‘t
598 371 702 429 Auster
713 367 744 424 in
757 367 823 436 alto,

154 468 266 526 Idcirco
278 488 380 528 navem
391 481 468 530 trans
480 473 618 549 AEgaeum
630 491 708 549 mare
718 472 829 528 vendas.

154 572 298 629 Incolumi
311 573 434 644 Rhodos,
448 583 477 632 et
487 575 640 651 Mitylene,
653 573 770 650 pulchra
783 571 862 644 facit,
879 573 963 647 quod,

154 675 270 732 Paenula
282 675 406 747 solstitio,
420 679 572 753 campestre
583 676 722 734 nivalibus
735 669 826 745 nuriS,¹

155 779 209 834 Per
221 779 352 834 brumam
365 779 485 848 Tiberis,
500 779 599 836 Sextili
611 779 707 836 mense
720 778 857 835 caminus.

155 880 236 936 Dum
248 880 324 950 licet,
338 889 368 937 et
379 881 493 938 vultum
506 881 596 939 servat
608 881 722 938 fortuna
735 880 902 956 benignum,

156 985 256 1040 Romae
268 985 399 1042 laudetur
413 986 517 1052 Samos,
532 995 560 1042 et
572 985 668 1054 Chios,
682 994 711 1041 et
720 983 834 1042 Rhodos
847 983 952 1042 absens.

155 1089 212 1158 Tu,
226 1107 425 1163 quamcunque
438 1091 506 1146 deus
520 1089 571 1146 tibi
585 1088 780 1157 fortunaverit,
794 1088 892 1146 horam

156 1192 245 1250 Gratb
259 1191 338 1248 sume
350 1211 447 1261 manu,
462 1211 519 1249 neu
532 1191 625 1248 dulcia
638 1190 722 1248 differ
733 1191 764 1248 in
778 1210 900 1261 annum3

155 1296 208 1360 Ut,
228 1312 397 1369 quocunque
411 1295 473 1350 loco
486 1293 581 1364 fueris,
594 1293 692 1350 vixiffe
705 1293 825 1350 libenter

155 1398 199 1462 Te
212 1396 301 1454 dicas:
324 1415 401 1465 nam,
416 1396 436 1452 fi
450 1397 530 1466 ratio,
545 1406 574 1453 et
586 1395 736 1471 prudentia
748 1415 837 1466 curas,

155 1499 226 1558 Non
239 1499 317 1557 locus
330 1497 410 1555 effusi
423 1498 480 1556 late
493 1497 578 1554 maris
591 1498 703 1568 arbiter,
717 1497 822 1568 aufert,

156 1602 280 1672 Coelum,
294 1619 352 1658 non
365 1599 502 1669 animum,
516 1608 639 1670 mutant,
652 1599 701 1674 qui
712 1609 787 1656 trans
800 1620 877 1658 mare
890 1621 952 1660 cur*

234 1713 311 1762 runt.

156 1811 275 1866 Strenua
288 1827 338 1864 nos
351 1817 463 1865 exercet
475 1807 574 1866 inertia
580 1833 588 1878 3
612 1807 729 1866 navibus
742 1819 827 1885 atque

152 1910 314 1987 ¹Quadrr‘gis
331 1909 453 1986 petimus
470 1913 542 1968 bene
555 1911 656 1968 vivere.
698 1913 786 1970 Quod
806 1913 886 1990 petis,
907 1913 954 1972 hie

234 2014 287 2082 est,

156 2118 204 2175 Est
216 2116 342 2187 Ulubris,
362 2117 473 2174 animus
487 2113 507 2172 fi
521 2124 549 2172 te
563 2135 621 2174 non
634 2116 730 2174 deficit
742 2137 847 2192 oequus

320 2571 322 2576 Ι
371 2491 632 2549 EPISTOLA
671 2489 738 2550 ΧΠ,

461 2667 502 2704 AD
525 2667 649 2705 lCClUM.

91 2849 93 2856 '
156 2839 335 2897 Fnucsrsus
349 2839 485 2916 Agrippae
497 2840 604 2912 Siculis,
619 2859 688 2916 quos
700 2841 818 2918 colligis,
832 2841 900 2912 Icci,
953 2889 955 2895 .
1024 2852 1026 2855 ’

157 2943 187 3002 Si
199 2943 274 3000 rene
287 2943 395 3012 frueris,
409 2962 466 3001 non
479 2943 518 3000 est
532 2952 564 3001 ut
576 2945 657 3020 copia
669 2943 759 3020 major

156 3051 206 3106 Ab
219 3048 291 3127 Jove¹
301 3047 396 3104 donari
411 3047 494 3123 poffi't
506 3047 572 3104 tibi:
595 3048 662 3106 tolle
674 3049 814 3124 querelas,

157 3153 267 3226 Pauper
278 3149 356 3207 enim
367 3169 424 3208 non
435 3150 485 3221 est,
498 3149 545 3208 eui
558 3169 651 3230 rerum
663 3150 786 3228 suppetit
797 3150 873 3238 usus.
950 3189 955 3220 2
