2242 3680
411 245 462 304 LI
470 245 502 304 Β.
528 245 552 302 I.
591 243 640 302 iii:
882 249 916 300 15

114 367 417 440 Comminxitledtum
429 381 521 449 potus,
534 371 665 430 mensave
677 369 814 439 catillum,

117 473 241 531 Evandri
254 475 386 534 manibus
400 476 509 546 tn'tum,
521 474 635 551 dejecit5
657 476 694 532 ob
707 474 781 531 hanc
793 491 863 540 rem,

117 575 179 634 Aut
190 579 314 654 posrtum
327 588 393 639 ante
404 580 468 638 mei
479 578 546 656 quia
556 577 667 655 pullum
677 577 708 634 in
717 587 797 654 parte
807 575 894 634 catini

118 680 232 738 Sustulit
245 680 375 752 esuriens,
389 682 484 740 minus
500 681 554 738 hoc
563 679 705 756 jucundus
718 679 834 737 amicus‘

117 781 158 838 sit
168 781 259 840 mihi?
283 783 363 840 Ouid
376 783 489 853 faciam,
502 783 523 840 sr
536 783 646 840 furtum
658 771 772 840 fecerit?
794 791 844 838 aut
855 781 875 838 fi

118 884 273 942 Prodiderit
285 885 429 943 commissa
443 885 515 942 fide?
537 884 702 960 sponsumve
715 883 841 960 negarit?

118 989 191 1046 Quis
204 988 283 1064 paria
295 989 350 1046 esse
362 989 421 1046 fere
434 987 541 1064 placuit
553 996 677 1064 peecata,
698 987 826 1044 laborant

117 1090 193 1148 Cum
206 1099 324 1148 ventum
342 1091 378 1148 ad
396 1109 496 1148 verum
513 1090 565 1146 est:
593 1089 686 1146 sensus
707 1107 853 1164 moresque
870 1108 916 1147 re-.

131 1201 134 1205 '
193 1203 333 1270 pugnant,
811 1185 813 1190 ’

115 1295 215 1370 Atque
227 1295 287 1371 ipsa
299 1295 415 1365 utiliter,
425 1293 491 1371 justi
503 1313 590 1370 prope
602 1302 732 1352 meteret
744 1294 826 1368 aequi.

116 1398 193 1454 Cum
204 1397 401 1474 prorepserunt
413 1396 511 1474 primis
524 1395 656 1454 animalia
669 1396 757 1466 terris,

115 1499 236 1558 Mutum
258 1508 288 1556 et
310 1509 392 1575 turpe
418 1517 511 1575 pecus,
538 1498 671 1574 glandem
698 1507 783 1572 atque
808 1497 912 1555 cubilia

178 1611 315 1679 propter,

11 1775 12 1786 χ
115 1705 279 1782 Unguibus,
292 1715 322 1764 et
334 1707 446 1784 pugnis,
461 1705 526 1764 dein
539 1705 665 1776 fustibus,
680 1713 764 1780 atque
777 1704 817 1762 ita
829 1723 913 1779 porro·

116 1811 285 1886 Pugnabant
298 1809 390 1882 annis,
405 1829 468 1884 quae
480 1809 541 1886 post
553 1809 737 1867 fabricaverat
749 1809 827 1880 usus3

115 1911 215 1970 Donec
228 1913 320 1981 verba,
340 1912 442 1988 quibus
453 1931 533 1968 voces
546 1910 695 1987 sensusque
707 1920 847 1982 notarent,

115 2013 300 2090 Nominaque
312 2013 456 2072 invenere:
479 2013 581 2070 dehinc
595 2013 720 2070 abfistere
733 2014 816 2082 bello,

114 2115 229 2192 Oppida
240 2125 385 2193 coeperunt
398 2115 518 2185 munire,
538 2123 568 2172 et
580 2134 683 2190 ponere
696 2115 780 2192 leges,

114 2219 163 2276 Ne
175 2217 238 2294 quis
252 2219 299 2276 fur
311 2219 386 2290 esset,
398 2237 455 2276 neu
464 2218 545 2287 latro,
560 2236 617 2276 neu
629 2217 692 2293 quis
705 2219 823 2276 adulter.

114 2321 194 2379 Nam
207 2320 264 2378 fuit
277 2330 343 2378 ante
356 2321 497 2378 Helenam
507 2339 616 2378 cunnus
629 2319 772 2392 teterrima
785 2320 852 2378 belli

114 2423 205 2484 Causa
212 2447 220 2494 3
242 2423 289 2479 sed
301 2422 406 2500 ignotis
418 2422 562 2499 perierunt
574 2421 712 2480 mortibus
724 2421 775 2492 illi,
859 2423 861 2427 ’
902 2441 904 2448 ’

115 2526 205 2597 Quos,
219 2526 361 2582 Venerem
372 2525 509 2583 incertam
522 2523 661 2601 rapientes
680 2543 758 2582 more
777 2525 908 2596 ferarum,

113 2627 230 2685 Viribus
243 2627 346 2686 editior
359 2629 492 2698 caedebat,
514 2626 589 2684 utin
601 2647 686 2704 grege
699 2637 803 2686 taurus.
906 2685 909 2688 .

113 2731 182 2807 Jura
194 2730 310 2788 inventa
322 2740 402 2788 metu
414 2729 507 2806 injusti
517 2730 623 2788 fateare
635 2729 741 2788 necesse
753 2731 800 2800 est,

112 2831 517 2909 Temporafifastosquevelis
530 2832 656 2890 evolvere
669 2831 779 2890 mundi.
809 2859 811 2864 ·
904 2847 909 2888 j

113 2937 177 2994 Nec
190 2945 290 2994 natura
302 2937 391 3013 potest
400 2935 473 3014 justo
485 2936 625 2994 secernere
637 2935 778 3010 iniquum,

113 3037 224 3096 Dividit
238 3047 271 3096 ut
284 3041 359 3096 bona
372 3038 491 3108 diversu,
505 3037 640 3114 fugienda
650 3035 786 3114 petendis.

114 3138 178 3201 Nec
190 3139 286 3198 vincet
299 3140 371 3200 ratio
381 3141 444 3213 hoc,
458 3140 627 3201 tantundem
642 3147 676 3199 ut
693 3147 798 3216 pectet,
817 3140 909 3199 idern.

192 3261 257 3320 que,
