2238 3686
414 219 511 300 nin.
544 219 584 276 11.
623 219 643 276 r.
883 223 935 276 ηε

140 341 229 400 Nunc
243 342 414 418 tibicinibus,
429 364 506 404 nunc
518 346 558 402 est
571 343 665 422 gavisa
678 342 825 420 tragoedis:

140 446 199 504 Sub
213 445 323 504 nutrice
334 447 429 522 puella
442 449 519 505 velut
532 448 553 505 fi
566 447 675 504 luderet
687 445 789 515 irrfans,

141 548 231 606 Quod
244 548 347 625 cupide
356 549 448 626 petiit,
461 559 572 608 mature
582 550 666 625 plena
679 548 801 623 reliquit.

141 650 224 708 Quid
237 651 339 727 placet,
354 660 404 710 aut
417 651 482 710 odio
494 652 542 724 est,
556 652 633 728 quod
650 671 708 709 non
723 640 861 709 mutabile
878 668 938 708 cre·

219 754 268 810 das
278 756 287 810 ?

21 894 33 914 .
140 855 206 912 Hoc
216 873 298 932 paces
311 856 435 915 habuere
445 859 536 930 bonae,
550 856 685 934 ventique
698 856 821 914 secundi.

142 958 242 1015 Rornae
255 959 337 1016 dulce
349 959 399 1016 diu
412 959 477 1031 fuit,
491 970 520 1018 et
533 961 655 1031 solenne,
669 958 777 1018 reclusa

139 1061 230 1118 Mane
243 1061 328 1120 domo
341 1061 467 1140 vigilare,
480 1062 577 1120 clienti
589 1081 718 1139 promere
726 1061 800 1139 jura,

139 1164 247 1221 Cautes
260 1164 422 1224 nominibus
435 1165 517 1222 redis
528 1163 686 1242 ex'peudere
699 1183 847 1235 nummos3

103 1249 104 1252 Ἴ
139 1265 263 1344 Majores
276 1267 382 1337 audire,
396 1267 500 1325 minori
513 1267 614 1337 dicere,
626 1285 677 1344 per
689 1287 753 1343 quae

140 1369 272 1427 Crescere
284 1389 327 1428 res
339 1369 436 1446 poffet,
452 1369 543 1428 minui
556 1369 690 1426 damnosa
703 1368 800 1426 libido.
827 1431 834 1444 ‚

139 1472 268 1530 Mutavit
280 1483 406 1530 mentem
418 1473 538 1550 populus
551 1471 629 1540 levis,
643 1480 672 1528 et
684 1472 757 1529 calet
769 1491 828 1529 uno

140 1576 285 1634 Scribendi
296 1576 399 1659 studio:
421 1575 568 1652 puerique,
581 1583 730 1651 patresque
743 1574 840 1644 severi,

140 1679 250 1737 Fronde
262 1675 356 1736 comas
369 1678 466 1750 vineti,
486 1686 606 1748 coenant,
627 1685 657 1734 et
669 1676 795 1736 carmina
809 1677 924 1737 dietant.

139 1780 203 1858 ipse
216 1801 278 1859 ego,
295 1781 345 1857 qui
357 1781 449 1840 nullos
461 1799 508 1838 me
522 1780 633 1838 affirmo
646 1780 764 1838 scribere
776 1781 879 1851 versus,

140 1886 274 1944 Iuvenior
283 1885 392 1944 Parthis
404 1883 581 1954 mendacior,
603 1894 642 1954 et,
654 1884 731 1961 prius
744 1896 806 1944 orto

141 1989 204 2046 Sole
217 1987 297 2066 vigil,
309 1988 460 2057 calamum,
474 1995 503 2044 et
517 1987 635 2057 chartas,
650 1996 679 2044 et
692 1987 792 2045 scrinia
806 1988 899 2064 posco.

139 2091 253 2150 Navem
264 2109 347 2167 agere
356 2089 470 2166 ignarus
481 2087 560 2146 navis
570 2088 653 2146 timet
658 2114 667 2160 5
682 2092 851 2148 abrotonum
863 2111 939 2169 aegro

139 2196 208 2254 Non
223 2195 318 2264 audet,
331 2191 383 2250 nifi
394 2191 445 2268 qui
457 2190 566 2261 didicit,
581 2192 646 2248 dare
652 2215 661 2262 5
683 2193 759 2268 quod
772 2193 938 2252 melicorum

217 2297 265 2367 est,

140 2400 313 2460 Promittunt
326 2398 420 2457 melici
426 2423 435 2471 3
456 2398 577 2457 tractant
590 2397 701 2456 fabrilia
715 2399 802 2456 fabri:

140 2502 292 2561 Scribimus
305 2501 421 2572 indoeti,
435 2501 575 2577 doetique,
594 2503 725 2576 poimata
737 2501 846 2577 paffim.

139 2605 198 2663 Hic
211 2623 287 2663 error
299 2613 405 2674 tamen,
419 2611 448 2662 et
460 2603 529 2662 levis
541 2603 602 2662 haec
614 2602 731 2673 insania,
747 2615 867 2680 quantas

139 2709 268 2766 Virtutes
281 2707 393 2775 habeat,
407 2707 444 2763 fic
458 2705 573 2782 collige:
595 2705 666 2763 vatis
685 2724 783 2764 avarus

140 2812 210 2870 Non
229 2819 335 2870 temere
352 2810 391 2867 est
409 2808 519 2866 animus
525 2832 533 2878 5
554 2807 647 2866 versus
666 2818 751 2879 amat,
773 2809 829 2867 hoc
846 2808 939 2868 studet

217 2933 308 2972 unum
314 2939 323 2985 5

141 3019 331 3088 Detrimenta,
345 3017 426 3096 fugas
439 3017 590 3087 servorum,
604 3015 735 3074 incendia
748 3015 838 3088 ridet,

140 3122 209 3181 Non
223 3122 353 3180 fraudem
363 3119 447 3192 socio,
461 3137 583 3196 puerove
595 3118 735 3196 incogitat
745 3117 834 3183 ullam
