2242 3680
156 189 196 239 44
411 187 719 258 SERMONUM,

155 312 218 368 Aut
230 312 349 371 labentis
362 321 436 392 equo
449 316 580 374 describit
592 317 708 374 vulnera
718 313 822 372 Parthi.
935 331 938 336 ’

155 415 294 472 Attamen
307 426 336 474 et
345 416 451 493 justum
463 429 573 495 poteras
586 430 614 476 et
628 419 745 476 scribere
761 417 875 486 fortem,

155 515 314 602 Scipiadam
326 529 359 576 ut
373 520 480 596 sapiens
494 521 627 578 Lucilius.
667 521 755 577 Haud
774 519 846 576 mihi
860 518 952 588 deero,

154 617 232 675 Cum
243 637 286 676 res
298 619 357 696 ipsa
371 622 451 680 feret.
492 621 555 680 Nili
568 624 668 679 dextro
679 630 806 700 tempore
817 619 910 677 Flacci

153 721 248 778 Verba
262 742 312 798 per
325 733 463 781 attentam
477 743 534 780 non
548 725 631 780 ibunt
645 722 761 780 Caesaris
772 741 869 780 aurem
874 747 883 793 i

154 822 211 879 Cui
225 825 299 882 male
313 826 333 882 fi
346 827 469 902 palpare,
484 825 642 884 recalcitrat
652 825 778 900 undique
791 833 879 881 tutus.

154 925 273 983 Quanto
286 927 388 985 rectius
403 929 466 996 hoc,
486 948 573 1004 quam
585 927 654 984 tristi
667 928 767 984 laedere
782 927 861 984 versu

152 1027 340 1086 Pantolabum
353 1029 485 1099 scurram,
500 1031 774 1104 Nomentanumque
787 1031 938 1104 nepotem?

153 1128 229 1186 Cum
242 1131 293 1186 fibi
307 1130 424 1206 quisque
438 1131 529 1203 timet,
550 1149 714 1207 quanquam
728 1132 766 1188 est
778 1131 910 1202 intactus,
925 1139 953 1188 et

231 1233 299 1290 odit.

153 1337 235 1395 Quid
248 1322 369 1396 faciam?
392 1341 480 1398 Saltat
494 1339 640 1408 Milonius
655 1347 688 1414 ut
700 1338 785 1396 semel
799 1336 855 1395 iao

152 1441 275 1497 Accessit
290 1441 382 1498 fervor
395 1441 490 1517 capiti,
506 1460 694 1516 numerusque
707 1439 827 1497 lucernis
840 1462 846 1494 :

153 1542 250 1599 Castor
263 1545 369 1618 gaudet
386 1543 474 1618 equis,
496 1563 548 1600 ovo
561 1553 715 1619 prognatus
729 1542 829 1599 eodem

102 1711 107 1717 ,
152 1645 271 1720 Pugnis:
294 1655 364 1720 quot
378 1646 504 1720 capitum
516 1645 625 1715 vivunt,
638 1645 757 1701 totidem
771 1643 925 1702 studiorum

151 1746 260 1803 Millia:
283 1765 330 1802 me
344 1747 462 1822 pedibus
476 1747 596 1804 delectat
609 1747 739 1802 claudere
751 1747 845 1814 verba,

152 1847 246 1904 Lucili
260 1848 326 1918 ritu,
340 1848 466 1904 nostrbm
479 1847 602 1904 melioris
614 1857 743 1922 utroque.

151 1952 205 2008 Ille
218 1953 295 2009 velut
308 1952 372 2008 fidis
385 1970 485 2008 arcana
498 1950 637 2007 sodalibus
649 1950 718 2006 olim

151 2055 292 2112 Credebat
305 2053 396 2123 libris;
419 2071 519 2128 neque,
534 2052 554 2108 fi
568 2053 643 2109 male'
656 2051 780 2122 cesserat,
789 2053 913 2128 ,usquam

149 2156 308 2213 Decurrens
321 2155 377 2212 alio
383 2180 391 2226 3
414 2173 506 2230 neque
519 2154 540 2211 fi
552 2155 639 2210 bene:
662 2171 719 2228 quo
730 2153 764 2210 fit
777 2141 810 2210 ut
820 2155 913 2213 omnis

148 2257 253 2315 votiva
264 2266 360 2334 pateat
372 2256 461 2313 veluti
474 2255 611 2329 descripta
626 2255 729 2312 tabella

149 2358 217 2416 Vita
240 2359 321 2416 senis.
362 2360 467 2433 Sequor
488 2357 574 2428 hunc,
597 2358 728 2414 Lucanus
749 2377 786 2415 an
807 2359 949 2436 Appulus,

227 2481 327 2538 anceps
334 2486 342 2532 3
577 2455 579 2462 ’

148 2565 216 2621 Nan
229 2564 388 2622 Venusinus
403 2573 462 2621 arat
475 2565 564 2621 finem
577 2563 629 2621 sub
642 2571 795 2640 utrumque
806 2564 930 2636 colonus,

150 2665 252 2722 Miffus
263 2666 300 2722 ad
312 2666 374 2735 boc,
389 2666 481 2740 pullis,
496 2675 576 2722 vetus
588 2666 627 2722 est
639 2674 672 2722 ut
685 2666 770 2736 fama,
785 2667 911 2738 Sabellis,

147 2769 270 2826 Quone
282 2787 332 2844 per
345 2787 466 2825 vacuum
478 2769 607 2826 Romano
619 2766 774 2824 incurreret
787 2768 886 2839 hostis3

144 2869 208 2926 Sive
221 2873 299 2945 quod
313 2869 427 2946 Appula
441 2889 518 2945 gens,
533 2868 581 2926 seu
593 2871 672 2944 quod
683 2868 809 2927 Lucania
821 2871 932 2932 bellum

143 2971 287 3031 Incuteret
300 2973 431 3031 violenta.
474 2971 527 3028 Sed
540 2970 587 3029 hic
601 2971 740 3030 stilusaui
785 2981 864 3048 petet
873 2974 949 3036 ultro
