2238 3686
225 258 280 312 149
436 249 807 324 EPISTOLARUM,

218 381 256 442 N
257 399 312 438 unc
324 399 417 457 prece,
430 401 507 440 nunc
517 383 616 459 pretio,
635 402 712 442 nunc
724 383 762 453 vi,
782 398 860 438 nunc
873 385 964 437 morte
974 375 1020 434 sn·
1094 455 1095 458 Ἴ

300 485 417 560 prema,¹
1094 463 1095 468 ἵ

224 585 369 646 Pennutet
381 587 518 658 dominos,
531 597 561 646 et
573 587 797 646 cedatinaltera
806 583 880 662 jura.
1092 487 1096 732 Α

224 687 277 758 Sic,
292 683 359 764 quia
371 701 522 770 perpetuus
535 691 607 748 nulli
620 692 704 748 datur
717 690 790 760 usus,
802 699 832 744 et
844 687 934 744 haerea

223 791 377 850 Haeredem
388 792 511 861 alternis,
526 793 604 850 velut
615 793 693 850 unda
706 788 866 867 supervenit
878 788 987 846 undam
994 811 1003 858 3
1094 759 1097 868 i

224 891 305 950 Quid
319 892 373 950 vici
386 893 512 969 prosunt,
528 903 578 952 aut
589 895 708 953 horrea?
730 893 834 969 quidve
846 890 976 950 Calabris

223 995 344 1052 Saltibus
358 994 459 1072 adjesti
473 997 590 1066 Lucani,
605 998 624 1064 si
638 996 722 1056 metit
735 997 827 1054 Orcus

222 1097 348 1154 Grandia
361 1117 428 1156 cum
440 1099 540 1174 parvis,
555 1118 612 1156 non
625 1098 775 1157 exorabilis
785 1100 870 1156 auro?

223 1201 366 1268 Gemmas,
380 1220 513 1272 marmor,
527 1204 605 1270 ebur,
619 1201 768 1278 Tyrrhena
783 1200 882 1276 sigilla,
896 1199 1024 1269 tabellas,

139 1301 141 1306 ’
223 1303 395 1379 Argentum,
407 1303 494 1362 vestes
507 1304 620 1362 Gaetulo
634 1303 741 1362 murice
754 1303 863 1372 tinstas,

223 1406 303 1475 Sunt,
317 1405 367 1481 qui
381 1425 439 1464 non
452 1405 590 1477 habeant3
612 1407 660 1477 est,
674 1406 724 1481 qui
738 1425 796 1462 non
814 1413 896 1462 curat
909 1405 1023 1464 habere.

215 1509 283 1576 ¹Cur
296 1508 367 1566 alter
379 1509 499 1566 fratrum
510 1509 620 1580 cessare,
634 1519 664 1566 et
676 1508 781 1578 ludere,
799 1516 828 1565 et
841 1507 936 1584 ungui

222 1611 354 1668 Praeferat
366 1610 488 1668 Herodis
500 1611 631 1687 palmetis
643 1611 810 1687 pinguibus5
832 1609 912 1680 aiter,

222 1711 309 1770 Dives
322 1723 353 1770 et
363 1713 552 1788 importunus,
565 1713 601 1770 ad
614 1715 746 1771 umbram
759 1711 828 1770 lueis
841 1714 878 1769 ab
887 1719 954 1770 ortu
1011 1765 1013 1772 .

223 1815 380 1874 silvestrem
392 1815 515 1873 flammis
527 1824 558 1874 et
569 1815 643 1874 serm
653 1815 767 1891 mitiget
780 1833 881 1892 agrurn
887 1838 897 1885 5

221 1917 279 1976 Scit
292 1917 409 1988 Genius,
423 1919 517 1976 natale
527 1937 622 1976 comes
631 1917 681 1992 qui
694 1925 834 1994 temperat
847 1917 962 1986 asilum,

221 2023 342 2086 Naturae
355 2022 424 2078 deus
437 2021 580 2090 humanae,
597 2019 723 2077 mortalis
735 2020 767 2076 in
779 2039 884 2076 unum-

223 2124 367 2199 Quodque
381 2132 479 2199 caput3
501 2123 583 2180 vultu
596 2121 749 2192 mutabilis,
762 2122 844 2180 albus
857 2130 888 2179 et
900 2130 972 2180 ater.
1010 2139 1013 2148 ·

221 2228 304 2297 Utar,
317 2236 392 2284 etex
406 2225 528 2294 modico,
542 2237 683 2300 quantum
695 2243 739 2282 res
752 2224 856 2300 poscet,
870 2243 971 2282 acervo

221 2329 348 2399 Tollam3
371 2346 422 2386 nec
436 2337 572 2395 metuam,
583 2327 653 2402 quid
666 2328 703 2384 de
715 2345 762 2384 me
774 2324 884 2403 judicet
896 2327 999 2397 haeres3

223 2433 312 2489 Quod
326 2450 384 2488 non
396 2431 477 2507 plura
490 2429 562 2486 datis
580 2428 732 2499 invenerit-5
754 2439 784 2486 et
796 2438 893 2486 tamen
904 2427 982 2486 idem

221 2533 297 2592 Scire
309 2533 413 2601 volam,
427 2540 567 2608 quantum
581 2531 699 2606 simplex
712 2529 865 2606 hilarisque
878 2530 977 2607 nepoti

221 2635 377 2711 Discrepet,
392 2644 421 2691 et
434 2643 575 2708 quantum
587 2632 725 2690 discordet
737 2652 836 2708 parcus
847 2621 947 2692 avsro.'

221 2739 313 2806 Distat
324 2737 411 2805 enim,
433 2734 545 2812 spargas
559 2745 607 2793 tua
620 2733 772 2812 prodigus·
784 2754 821 2792 an
837 2755 930 2812 neque
943 2736 1020 2794 sum·

299 2851 362 2898 tum

221 2943 331 3002 Invitus
341 2941 435 3012 facias,
451 2959 543 3016 neque
553 2942 634 3018 plura
646 2959 743 3017 parare
756 2942 878 3011 laborem

220 3046 267 3101 Ac
279 3044 382 3120 potius,
395 3063 466 3120 puer
477 3053 510 3101 ut
523 3044 599 3100 festis
612 3043 829 3119 quinquatribus
839 3043 919 3114 olim,

222 3144 333 3220 Exiguo
346 3155 483 3222 gratoque
492 3145 596 3236 *fruaris
608 3153 735 3223 tempore
747 3146 859 3223 raptim.
