2238 3686
175 257 229 310 158
348 252 407 312 DE
431 255 554 314 ARTE
579 256 790 314 POETICA.

173 377 222 435 Ne
234 396 334 454 pueros
347 397 443 438 coram
455 383 560 458 populo
573 384 676 442 Medea
689 383 820 454 trucidet,

171 483 235 538 Aut
245 481 369 542 humana
381 485 476 560 palam
487 495 592 562 coquat
601 495 668 544 'exta
681 486 804 546 nefarius
816 486 932 556 Atreum

171 585 235 642 Aut
246 583 278 640 in
291 591 373 644 avem
383 587 493 662 Progne
504 595 638 659 vertatur,
652 589 777 646 Cadmus
787 587 818 644 in
829 595 973 664 anguem!

173 687 374 765 Quodcunque
387 690 507 748 ostendis
519 691 592 748 mihi
605 693 651 764 fic,
664 691 823 749 incredulus
835 691 892 748 odi.

171 790 255 848 Neve
267 791 369 862 minor,
383 811 440 850 neu
454 793 488 850 fit
501 793 602 870 quinto
614 793 777 872 produdior
789 794 854 852 netu

172 893 286 963 Fabula,
301 915 364 970 quae
374 891 451 971 posci
464 897 535 966 vult,
549 907 580 954 et
591 897 714 974 spedata
726 897 840 974 reponi:

172 995 236 1053 Nec
249 997 318 1054 deus
327 997 445 1069 interfit,
458 998 510 1056 nifi
523 999 626 1076 dignun
636 1000 749 1058 vindice
764 1001 855 1058 nodus

172 1099 322 1156 Inciderit:
344 1119 396 1158 uec
407 1111 507 1176 quarta
520 1101 599 1178 loqui
612 1103 729 1179 persona
742 1103 858 1160 laboret.

172 1201 284 1259 Amoris
297 1211 389 1278 partes
402 1203 503 1264 chorus
515 1205 699 1282 officiumque
708 1204 789 1262 virile

172 1305 331 1376 Defendat5
352 1325 410 1362 neu
423 1306 492 1382 quid
503 1308 611 1366 medios
622 1307 774 1366 intercinat
786 1307 873 1377 aetus,

172 1408 261 1465 Quod
275 1427 332 1464 non
346 1409 487 1485 propofito
499 1411 639 1468 conducat
652 1420 681 1467 et
693 1410 798 1467 haereat
809 1419 883 1486 apte.

172 1511 225 1567 Ille
236 1511 317 1569 bonis
330 1511 490 1588 faveatque,
504 1522 533 1569 et
545 1511 706 1570 confilietur
716 1512 805 1570 amice
811 1536 819 1582 3

172 1613 210 1670 Et
222 1621 302 1690 regat
314 1613 408 1684 iratos,
422 1622 451 1671 et
464 1624 541 1671 amet
553 1633 653 1691 pacare
664 1625 819 1685 tumentem

172 1716 226 1773 llle
238 1717 322 1792 dapes
335 1717 431 1773 laudet
444 1717 549 1774 mensae
561 1717 668 1789 brevis3
691 1717 739 1776 ille
754 1715 894 1776 salubrem

172 1820 190 1896 J
191 1818 324 1890 ustitiam,
335 1819 476 1896 legesque,
491 1829 520 1881 ct
534 1811 636 1896 apertis
646 1821 703 1878 otia
716 1819 820 1897 portis5

174 1922 227 1980 1110
238 1931 317 1998 tegat
327 1921 486 1992 commiffa3
507 1924 629 2000 deosque
640 1933 768 2000 precetur
780 1933 810 1981 et
822 1932 892 1994 oret,

173 2025 218 2084 Ut
230 2027 325 2082 redeat
338 2023 453 2096 miseria,
468 2027 550 2083 abeat
563 2027 677 2085 fortuna
691 2027 824 2104 superbis.

171 2125 259 2185 Tibia
272 2146 339 2197 non,
354 2137 387 2184 ut
401 2147 486 2200 nunc,
498 2128 639 2187 orichalco
653 2129 754 2201 vinda,
766 2133 900 2206 tubaeque
957 2141 962 2152 ·

174 2229 304 2301 AEmula,
318 2230 366 2288 sed
380 2231 471 2288 tenuia
485 2231 667 2308 fimplexque‚
680 2233 819 2291 foramine
831 2251 932 2310 pauco,

175 2333 309 2409 Aspirare
321 2345 350 2391 et
364 2333 454 2392 adesse
466 2334 558 2392 choris
568 2344 627 2393 erat
640 2336 727 2405 utilis,
740 2345 825 2412 atque

175 2435 315 2494 Nondum
328 2437 408 2513 spiffa
420 2436 505 2496 nimis
517 2439 657 2513 complere
669 2439 764 2496 sedilia
774 2439 859 2520 flatu3

175 2541 246 2598 Ouo
259 2539 325 2597 sane
337 2539 457 2616 populus
470 2540 659 2611 numerabilis,
674 2551 773 2618 utpote
785 2560 886 2618 parvus

175 2645 213 2700 Et
227 2641 303 2718 frugi
316 2643 460 2719 castusque
471 2645 709 2719 verecundusque,
723 2645 825 2702 coibat.

176 2742 325 2821 Postquam
338 2745 422 2820 coepit
434 2763 514 2822 agros
528 2748 678 2804 extendere
690 2747 786 2818 victor,
801 2755 830 2806 et
840 2751 944 2806 urbem*

177 2849 274 2908 Latiur
287 2845 418 2924 amplecti
429 2867 535 2918 murus,
548 2849 671 2925 vinoque
684 2850 785 2907 diurno

177 2951 282 3009 Placari
296 2951 402 3008 Genius
416 2949 490 3007 festis
502 2950 619 3026 impune
632 2952 738 3024 diebus,

177 3049 300 3110 Acceffit
313 3053 491 3128 numerisque
504 3053 651 3130 modisque
663 3055 776 3114 licentia
790 3054 888 3132 major.

177 3154 310 3215 tndouus
322 3155 391 3228 quid
403 3155 482 3212 eninr
495 3155 611 3231 saperet,
624 3155 751 3233 liberque
764 3159 901 3229 laborum,
