2238 3686
196 193 236 254 90
404 189 782 259 EPISTOLARUM,

193 313 242 367 An
256 310 305 385 qui
319 312 442 370 fortunae
451 323 480 372 te
491 317 651 392 responsare
663 316 791 392 superbae

192 412 329 471 Liberum
341 425 371 472 et
383 419 509 475 erectum
519 419 639 494 praesens
653 420 793 489 hortatur,
808 428 839 476 et
852 421 953 495 aptat?

192 517 281 574 Quod
294 519 315 574 si
329 539 375 576 me
388 523 509 596 populus
522 523 667 580 Romanus
680 523 754 579 forte
767 533 861 600 roget,
876 543 928 580 cur

189 620 269 690 Non,
283 629 316 678 ut
329 623 491 696 porticibus,
512 625 549 680 fic
558 623 671 700 judiciis
685 625 763 681 fruar
775 624 878 695 isdem,
938 697 948 714 .

189 723 254 780 Nec
269 725 369 800 sequar
383 737 433 782 aut
446 727 566 803 fugiam,
581 747 645 803 quae
658 727 753 803 diligit
766 728 835 803 ipse,
847 729 894 784 vel
908 727 986 798 odit,
1095 742 1099 753 ·

190 827 271 884 Olim
285 829 361 903 quod
375 829 471 903 vulpes
484 838 591 906 agroto
605 839 687 886 cauta
700 829 777 886 leoni

189 929 353 1005 Respondit,
368 931 502 988 referam:
526 931 605 989 Quia
618 951 665 988 me
675 931 793 1008 vestigia
806 941 916 990 terrent

188 1033 296 1090 Omnia
310 1043 338 1090 te
351 1034 499 1092 adversum
512 1035 675 1110 spectantia,
689 1034 768 1091 nulla
780 1036 945 1092 retrorsum.

188 1137 275 1194 Belua
294 1137 451 1194 multorum
468 1138 508 1194 est
526 1137 668 1212 capitum:
694 1155 762 1194 narn
782 1137 854 1212 quid
873 1138 994 1213 sequar?

238 1309 246 1327 Ἀ
266 1248 315 1296 aut
329 1243 431 1315 quem?

187 1345 251 1400 Pars
264 1343 415 1402 hominum
430 1344 512 1420 gestit
525 1344 681 1402 conducere
693 1344 822 1419 publica:
849 1345 925 1417 sunt,
940 1345 991 1422 qui

185 1448 292 1504 Crustis
306 1458 335 1504 et
347 1447 438 1525 pomis
450 1447 548 1505 viduas
561 1457 698 1504 venentur
712 1466 815 1516 avaras,

186 1551 395 1627 Excipiamque
408 1553 494 1621 senes,
510 1570 579 1625 quos
592 1549 622 1606 in
635 1549 740 1606 vivaria
755 1549 882 1608 mittant.

184 1655 288 1712 Multis
302 1657 413 1712 occulto
426 1655 523 1712 crescit
535 1675 578 1712 res
591 1655 707 1711 soenore.
748 1655 859 1711 Verum

183 1759 249 1816 Esto
263 1759 323 1816 aliis
339 1759 407 1816 alios
423 1762 504 1816 rebus
517 1757 669 1833 studiisque
683 1758 787 1828 teneri,

184 1863 266 1918 Idem
277 1862 377 1919 eadem
389 1860 502 1936 poliunt
518 1861 618 1918 horam
631 1863 731 1918 durare
744 1865 915 1937 probantes?

183 1965 290 2022 Nullus
303 1963 334 2020 in
346 1966 413 2020 orbe
427 1965 501 2020 finus
514 1963 588 2020 Baiis
601 1964 736 2038 praelucet
749 1965 878 2036 amoenis,

182 2067 212 2124 Si
226 2068 299 2125 dixit
312 2067 403 2137 dives3
426 2067 511 2137 lacus,
526 2076 555 2123 et
567 2085 653 2136 mare,
668 2066 753 2124 sentit
767 2087 894 2126 amorem

92 2198 98 2206 ·
181 2170 348 2230 Festinantis
361 2169 436 2226 heri:
460 2169 506 2225 cui
519 2169 540 2224 si
554 2168 652 2226 vitiosa
664 2168 753 2226 libido

180 2274 290 2332 Fecerit
304 2272 469 2350 auspicium,
483 2291 542 2328 cras
556 2271 726 2329 ferramenta
739 2274 872 2332 Teanum

178 2377 308 2448 Tolletis,
322 2377 404 2434 fabri.
446 2375 547 2432 Ledtus
561 2373 678 2449 genialis
691 2373 722 2430 in
736 2375 799 2432 aula
813 2377 868 2434 est?

180 2480 233 2538 Nil
246 2479 285 2536 ait
296 2479 350 2536 ell'e
362 2479 448 2554 priua,
462 2476 562 2535 melius
575 2476 615 2532 nil
627 2475 728 2534 coelibe
740 2477 813 2549 vit23

178 2584 209 2640 Si
222 2601 280 2639 non
293 2582 340 2650 est,
351 2580 428 2658 jurat
441 2584 512 2638 benc
526 2578 589 2648 solis
602 2578 656 2635 effe
668 2579 785 2636 maritis.

180 2690 250 2745 (luo
264 2695 377 2742 teneam
389 2683 484 2740 vultus
497 2689 658 2740 mutantem
671 2683 770 2740 Protea
784 2685 879 2742 nodo?

180 2791 262 2848 Quid
275 2789 397 2865 pauper?
419 2785 493 2842 ride:
516 2793 609 2842 mutat
623 2786 776 2857 coenacula,
789 2787 886 2860 nans,

178 2894 292 2962 Balnea,
308 2891 445 2959 tonsores;
468 2887 606 2946 conauuo
620 2886 734 2964 navigio
748 2907 829 2964 aeque
921 2953 924 2959 ¹

178 2995 306 3052 Nauseat
319 3014 351 3052 ac
365 2991 497 3067 locuples,
511 3009 597 3065 quem
611 2989 690 3046 ducit
702 2990 781 3065 priva
796 2991 926 3054 triremis.

177 3095 208 3153 Si
221 3105 333 3154 curatus
346 3094 480 3172 inaequali
493 3093 603 3152 tonsore
616 3091 730 3180 capillos

1089 488 1094 537 l
