2238 3686
189 247 231 312 94
405 240 776 309 EPISTOLARUM,

191 366 288 443 Fingit
301 385 408 442 equum
421 369 518 426 teneri
531 368 654 426 docilem
667 367 775 426 cervice
788 365 920 444 magister

189 470 236 526 Ire
249 469 335 542 viam,
349 472 406 546 qud
419 473 553 530 monstret
569 491 662 546 eques.
696 471 861 542 Venaticus,
884 491 922 530 ex
934 491 992 548 quo

188 573 331 647 Tempore
345 574 491 632 cervinam
503 575 608 650 pellem
621 573 734 631 latravit
746 573 777 630 in
791 573 864 644 auld,

191 674 303 732 Militat
318 675 348 732 in
362 676 436 734 silvis
449 678 567 734 catulus.
608 677 696 733 Nunc
710 676 813 733 adbibe
826 695 898 752 puro

190 779 304 836 Pectore
317 782 412 848 verba,
427 799 511 855 puer3
534 799 610 836 nunc
624 788 653 836 te
666 777 831 836 melioribus
844 780 923 837 offer.

190 882 259 938 Quo
273 882 359 939 semel
373 883 412 940 est
424 882 535 939 imbuta
549 901 654 952 recens,
668 882 790 942 servabit
803 883 920 940 odorem
932 923 935 928 A

187 985 271 1041 Testa
285 984 343 1042 diu.
386 985 473 1042 Quod
487 986 507 1040 s1
521 983 614 1056 eeffas,
628 993 678 1042 aut
691 985 817 1042 strenuus
830 986 930 1056 anteis,

188 1087 220 1144 N
221 1107 253 1144 ec
267 1085 532 1162 tardum‘oppen'or,
546 1108 598 1145 nec
611 1087 835 1163 praecedentibus
848 1088 928 1146 insto·

399 1451 678 1511 EPISTOLA
718 1450 772 1509 ΙΙ.

424 1639 465 1676 Αἱ)
480 1639 600 1685 JULIUM
616 1639 753 1677 FLORUM.

185 1802 260 1881 Junr
276 1805 366 1876 Flore,
380 1806 483 1881 quibus
497 1815 636 1866 terrarum
649 1808 754 1866 militet
767 1807 821 1864 oris

183 1907 323 1966 Claudius
336 1909 460 1986 Augusti
473 1911 628 1988 privignus,
637 1911 716 1968 *scire
730 1907 843 1968 laboro‘:

181 2009 332 2069 Thracane
345 2031 403 2082 vos,
425 2014 595 2089 Hebrusque
608 2013 696 2071 nivali
716 2014 852 2088 compede
865 2011 983 2084 vinctus,

183 2117 234 2172 An
247 2115 319 2172 freta
332 2115 439 2173 vicinas
452 2116 527 2173 inter
540 2116 681 2174 currentia
692 2125 790 2185 turres,

182 2220 233 2276 An
246 2219 366 2296 pingues
379 2220 455 2276 Afiae
468 2219 562 2294 campi
575 2219 715 2295 collesque
728 2221 894 2276 morantur?
1103 2283 1104 2286 Ἴ

183 2322 266 2379 Quid
280 2323 399 2380 studiosa
413 2321 511 2379 cohors
525 2340 644 2397 operum
659 2321 757 2378 struit?
787 2322 852 2380 Hoc
868 2339 982 2397 quoquo

261 2445 345 2494 cur03
1103 2403 1104 2414 ἵ

135 2589 137 2594 ,
181 2526 258 2584 Quis
272 2527 322 2583 fibi
336 2546 378 2584 res
392 2529 479 2604 gestas
493 2526 616 2604 Augusti
627 2525 745 2584 scribere
759 2525 864 2584 sumit?

180 2631 260 2687 Bella
274 2631 345 2706 quiS,
359 2640 388 2686 et
401 2652 492 2706 paces,
506 2632 626 2707 longum
639 2629 776 2687 diffundit
789 2630 819 2686 in
833 2634 946 2688 aevum?

181 2734 264 2791 Quid
275 2733 378 2804 Titius,
394 2735 521 2791 Romana
535 2733 614 2790 brevi
627 2743 762 2790 venturus
775 2734 805 2790 in
819 2753 876 2804 ora,

180 2837 320 2894 Pindarici
333 2836 419 2894 fontis
433 2836 482 2911 qui
497 2855 554 2892 non
567 2835 705 2912 expalluit
718 2836 840 2907 haustus,

179 2941 312 2998 Fastidire
325 2941 410 3011 lacus,
425 2947 455 2996 et
466 2939 539 2996 rivos
552 2938 633 2996 ausus
646 2942 775 3014 apertos?

178 3045 222 3101 Ut
235 3047 329 3102 valet?
351 3056 383 3102 ut
398 3044 529 3102 meminit
542 3043 643 3100 nostri?
665 3043 806 3101 fidibusne
820 3043 929 3102 Latinis

175 3147 327 3204 Thebanos
341 3158 437 3221 aptare
450 3148 548 3204 modos
563 3145 663 3216 studet,
675 3145 787 3221 auspice
801 3147 904 3206 Mun?
