<?xml version="1.0" encoding="UTF-8"?>
<!DOCTYPE html PUBLIC "-//W3C//DTD XHTML 1.0 Transitional//EN"
    "http://www.w3.org/TR/xhtml1/DTD/xhtml1-transitional.dtd">
<html xmlns="http://www.w3.org/1999/xhtml" xml:lang="en" lang="en">
 <head>
  <title>
</title>
<meta http-equiv="Content-Type" content="text/html;charset=utf-8" />
  <meta name='ocr-system' content='tesseract 3.04.00' />
  <meta name='ocr-capabilities' content='ocr_page ocr_carea ocr_par ocr_line ocrx_word'/>
</head>
<body>
  <div class='ocr_page' id='page_1' title='image "./qhoratiiflacci01horagoog_0045.png"; bbox 0 0 2242 3680; ppageno 0'>
   <div class='ocr_carea' id='block_1_1' title="bbox 208 227 762 302">
    <p class='ocr_par' dir='ltr' id='par_1_1' title="bbox 208 227 762 302">
     <span class='ocr_line' id='line_1_1' title="bbox 208 227 762 302; baseline 0.016 -20"><span class='ocrx_word' id='word_1_1' title='bbox 208 230 247 283; x_wconf 75' lang='grc'>34</span> <span class='ocrx_word' id='word_1_2' title='bbox 449 227 762 302; x_wconf 82' lang='lat' dir='ltr'>snnMoNuM,</span> 
     </span>
    </p>
   </div>
   <div class='ocr_carea' id='block_1_2' title="bbox 210 351 981 949">
    <p class='ocr_par' dir='ltr' id='par_1_2' title="bbox 210 351 968 640">
     <span class='ocr_line' id='line_1_2' title="bbox 210 351 968 434; baseline 0.011 -26"><span class='ocrx_word' id='word_1_3' title='bbox 210 351 330 410; x_wconf 82' lang='lat' dir='ltr'>Protulit</span> <span class='ocrx_word' id='word_1_4' title='bbox 342 372 382 424; x_wconf 86' lang='lat' dir='ltr'>os,</span> <span class='ocrx_word' id='word_1_5' title='bbox 395 354 465 429; x_wconf 88' lang='lat' dir='ltr'>quin</span> <span class='ocrx_word' id='word_1_6' title='bbox 478 356 534 414; x_wconf 81' lang='lat' dir='ltr'>ossa</span> <span class='ocrx_word' id='word_1_7' title='bbox 547 357 645 434; x_wconf 89' lang='lat' dir='ltr'>legant</span> <span class='ocrx_word' id='word_1_8' title='bbox 657 358 813 433; x_wconf 83' lang='lat' dir='ltr'>herbasque</span> <span class='ocrx_word' id='word_1_9' title='bbox 824 365 968 416; x_wconf 75' lang='lat' dir='ltr'>nocentes·</span> 
     </span>
     <span class='ocr_line' id='line_1_3' title="bbox 210 453 885 536; baseline 0.01 -26"><span class='ocrx_word' id='word_1_10' title='bbox 210 453 280 511; x_wconf 90' lang='lat' dir='ltr'>Vidi</span> <span class='ocrx_word' id='word_1_11' title='bbox 292 466 406 531; x_wconf 82' lang='lat' dir='ltr'>egomet</span> <span class='ocrx_word' id='word_1_12' title='bbox 418 455 501 534; x_wconf 72' lang='lat' dir='ltr'>nigra</span> <span class='ocrx_word' id='word_1_13' title='bbox 511 459 683 520; x_wconf 72' lang='lat' dir='ltr'>succinetam</span> <span class='ocrx_word' id='word_1_14' title='bbox 695 462 796 520; x_wconf 81' lang='lat' dir='ltr'>vadere</span> <span class='ocrx_word' id='word_1_15' title='bbox 808 459 885 536; x_wconf 67' lang='lat' dir='ltr'>pallt</span> 
     </span>
     <span class='ocr_line' id='line_1_4' title="bbox 210 557 874 640; baseline 0.009 -27"><span class='ocrx_word' id='word_1_16' title='bbox 210 557 370 628; x_wconf 85' lang='lat' dir='ltr'>Canidiam,</span> <span class='ocrx_word' id='word_1_17' title='bbox 383 560 502 634; x_wconf 90' lang='lat' dir='ltr'>pedibus</span> <span class='ocrx_word' id='word_1_18' title='bbox 514 562 605 633; x_wconf 90' lang='lat' dir='ltr'>nudis,</span> <span class='ocrx_word' id='word_1_19' title='bbox 619 563 751 639; x_wconf 84' lang='lat' dir='ltr'>passoque</span> <span class='ocrx_word' id='word_1_20' title='bbox 762 563 874 640; x_wconf 87' lang='lat' dir='ltr'>capillo,</span> 
     </span>
    </p>

    <p class='ocr_par' dir='ltr' id='par_1_3' title="bbox 210 659 981 949">
     <span class='ocr_line' id='line_1_5' title="bbox 211 659 981 743; baseline 0.01 -26"><span class='ocrx_word' id='word_1_21' title='bbox 211 659 287 718; x_wconf 91' lang='lat' dir='ltr'>Cum</span> <span class='ocrx_word' id='word_1_22' title='bbox 301 662 410 738; x_wconf 69' lang='lat' dir='ltr'>Sagana</span> <span class='ocrx_word' id='word_1_23' title='bbox 422 663 537 740; x_wconf 83' lang='lat' dir='ltr'>majore,</span> <span class='ocrx_word' id='word_1_24' title='bbox 551 666 723 724; x_wconf 85' lang='lat' dir='ltr'>ululantem:</span> <span class='ocrx_word' id='word_1_25' title='bbox 744 668 834 743; x_wconf 92' lang='lat' dir='ltr'>pallor</span> <span class='ocrx_word' id='word_1_26' title='bbox 845 676 981 743; x_wconf 86' lang='lat' dir='ltr'>utrasque</span> 
     </span>
     <span class='ocr_line' id='line_1_6' title="bbox 211 763 888 845; baseline 0.012 -26"><span class='ocrx_word' id='word_1_27' title='bbox 211 763 326 821; x_wconf 84' lang='lat' dir='ltr'>Fecerat</span> <span class='ocrx_word' id='word_1_28' title='bbox 339 764 489 823; x_wconf 85' lang='lat' dir='ltr'>horrendas</span> <span class='ocrx_word' id='word_1_29' title='bbox 502 767 628 842; x_wconf 76' lang='lat' dir='ltr'>aspetlu:</span> <span class='ocrx_word' id='word_1_30' title='bbox 651 768 771 845; x_wconf 86' lang='lat' dir='ltr'>scalpere</span> <span class='ocrx_word' id='word_1_31' title='bbox 783 778 888 826; x_wconf 89' lang='lat' dir='ltr'>terram</span> 
     </span>
     <span class='ocr_line' id='line_1_7' title="bbox 210 853 952 949; baseline 0.009 -25"><span class='ocrx_word' id='word_1_32' title='bbox 210 868 372 944; x_wconf 86' lang='lat' dir='ltr'>Unguibus,</span> <span class='ocrx_word' id='word_1_33' title='bbox 384 853 416 926; x_wconf 81' lang='lat' dir='ltr'>et</span> <span class='ocrx_word' id='word_1_34' title='bbox 428 867 536 945; x_wconf 89' lang='lat' dir='ltr'>pullam</span> <span class='ocrx_word' id='word_1_35' title='bbox 548 871 680 930; x_wconf 89' lang='lat' dir='ltr'>divellere</span> <span class='ocrx_word' id='word_1_36' title='bbox 692 867 833 930; x_wconf 87' lang='lat' dir='ltr'>mordicus</span> <span class='ocrx_word' id='word_1_37' title='bbox 846 891 952 949; x_wconf 88' lang='lat' dir='ltr'>agnam</span> 
     </span>
    </p>
   </div>
   <div class='ocr_carea' id='block_1_3' title="bbox 130 970 1012 3201">
    <p class='ocr_par' dir='ltr' id='par_1_4' title="bbox 211 970 921 1046">
     <span class='ocr_line' id='line_1_8' title="bbox 211 970 921 1046; baseline 0.007 -20"><span class='ocrx_word' id='word_1_38' title='bbox 211 970 367 1046; x_wconf 88' lang='lat' dir='ltr'>Coeperunt</span> <span class='ocrx_word' id='word_1_39' title='bbox 372 997 381 1041; x_wconf 77' lang='lat'>5</span> <span class='ocrx_word' id='word_1_40' title='bbox 403 991 485 1029; x_wconf 91' lang='lat' dir='ltr'>cruor</span> <span class='ocrx_word' id='word_1_41' title='bbox 497 973 528 1030; x_wconf 91' lang='lat' dir='ltr'>in</span> <span class='ocrx_word' id='word_1_42' title='bbox 541 973 640 1031; x_wconf 82' lang='lat' dir='ltr'>fossam</span> <span class='ocrx_word' id='word_1_43' title='bbox 651 974 792 1045; x_wconf 88' lang='lat' dir='ltr'>confusus,</span> <span class='ocrx_word' id='word_1_44' title='bbox 806 983 839 1031; x_wconf 93' lang='lat' dir='ltr'>ut</span> <span class='ocrx_word' id='word_1_45' title='bbox 852 974 921 1031; x_wconf 87' lang='lat' dir='ltr'>inde</span> 
     </span>
    </p>

    <p class='ocr_par' dir='ltr' id='par_1_5' title="bbox 211 1073 868 1152">
     <span class='ocr_line' id='line_1_9' title="bbox 211 1073 868 1152; baseline 0.011 -24"><span class='ocrx_word' id='word_1_46' title='bbox 211 1073 313 1130; x_wconf 88' lang='lat' dir='ltr'>Manes</span> <span class='ocrx_word' id='word_1_47' title='bbox 325 1073 469 1143; x_wconf 86' lang='lat' dir='ltr'>elicerent,</span> <span class='ocrx_word' id='word_1_48' title='bbox 483 1075 591 1132; x_wconf 87' lang='lat' dir='ltr'>animas</span> <span class='ocrx_word' id='word_1_49' title='bbox 604 1076 733 1152; x_wconf 89' lang='lat' dir='ltr'>responsa</span> <span class='ocrx_word' id='word_1_50' title='bbox 746 1079 868 1136; x_wconf 88' lang='lat' dir='ltr'>daturas.</span> 
     </span>
    </p>

    <p class='ocr_par' dir='ltr' id='par_1_6' title="bbox 211 1175 870 1254">
     <span class='ocr_line' id='line_1_10' title="bbox 211 1175 870 1254; baseline 0.008 -22"><span class='ocrx_word' id='word_1_51' title='bbox 211 1175 306 1233; x_wconf 89' lang='lat' dir='ltr'>Lanea</span> <span class='ocrx_word' id='word_1_52' title='bbox 319 1185 347 1233; x_wconf 90' lang='lat' dir='ltr'>et</span> <span class='ocrx_word' id='word_1_53' title='bbox 360 1177 469 1253; x_wconf 87' lang='lat' dir='ltr'>effigies</span> <span class='ocrx_word' id='word_1_54' title='bbox 481 1187 550 1248; x_wconf 88' lang='lat' dir='ltr'>erat,</span> <span class='ocrx_word' id='word_1_55' title='bbox 564 1180 652 1236; x_wconf 86' lang='lat' dir='ltr'>altera</span> <span class='ocrx_word' id='word_1_56' title='bbox 665 1199 758 1250; x_wconf 87' lang='lat' dir='ltr'>cerea;</span> <span class='ocrx_word' id='word_1_57' title='bbox 779 1178 870 1254; x_wconf 88' lang='lat' dir='ltr'>major</span> 
     </span>
    </p>

    <p class='ocr_par' dir='ltr' id='par_1_7' title="bbox 211 1277 881 1357">
     <span class='ocr_line' id='line_1_11' title="bbox 211 1277 881 1357; baseline 0.006 -23"><span class='ocrx_word' id='word_1_58' title='bbox 211 1277 315 1348; x_wconf 83' lang='lat' dir='ltr'>Lanea,</span> <span class='ocrx_word' id='word_1_59' title='bbox 328 1297 393 1353; x_wconf 88' lang='lat' dir='ltr'>quae</span> <span class='ocrx_word' id='word_1_60' title='bbox 405 1280 495 1354; x_wconf 85' lang='lat' dir='ltr'>poenis</span> <span class='ocrx_word' id='word_1_61' title='bbox 508 1280 697 1357; x_wconf 88' lang='lat' dir='ltr'>compesceret</span> <span class='ocrx_word' id='word_1_62' title='bbox 708 1282 881 1340; x_wconf 84' lang='lat' dir='ltr'>inferiorem.</span> 
     </span>
    </p>

    <p class='ocr_par' dir='ltr' id='par_1_8' title="bbox 130 1381 874 1461">
     <span class='ocr_line' id='line_1_12' title="bbox 130 1381 874 1461; baseline 0.008 -25"><span class='ocrx_word' id='word_1_63' title='bbox 130 1417 133 1424; x_wconf 92' lang='lat'>·</span> <span class='ocrx_word' id='word_1_64' title='bbox 211 1381 300 1438; x_wconf 88' lang='lat' dir='ltr'>Cerea</span> <span class='ocrx_word' id='word_1_65' title='bbox 313 1381 475 1458; x_wconf 85' lang='lat' dir='ltr'>suppliciter</span> <span class='ocrx_word' id='word_1_66' title='bbox 487 1383 577 1441; x_wconf 86' lang='lat' dir='ltr'>stabat</span> <span class='ocrx_word' id='word_1_67' title='bbox 589 1383 743 1455; x_wconf 85' lang='lat' dir='ltr'>servilibus,</span> <span class='ocrx_word' id='word_1_68' title='bbox 762 1394 797 1442; x_wconf 91' lang='lat' dir='ltr'>ut</span> <span class='ocrx_word' id='word_1_69' title='bbox 808 1403 874 1461; x_wconf 80' lang='lat' dir='ltr'>quae</span> 
     </span>
    </p>

    <p class='ocr_par' dir='ltr' id='par_1_9' title="bbox 211 1483 1012 1560">
     <span class='ocr_line' id='line_1_13' title="bbox 211 1483 1012 1560; baseline 0.007 -20"><span class='ocrx_word' id='word_1_70' title='bbox 211 1483 276 1558; x_wconf 91' lang='lat' dir='ltr'>Jam</span> <span class='ocrx_word' id='word_1_71' title='bbox 288 1484 420 1560; x_wconf 86' lang='lat' dir='ltr'>peritura,</span> <span class='ocrx_word' id='word_1_72' title='bbox 434 1485 534 1543; x_wconf 89' lang='lat' dir='ltr'>modis.</span> <span class='ocrx_word' id='word_1_73' title='bbox 559 1488 690 1544; x_wconf 84' lang='lat' dir='ltr'>Hecaten</span> <span class='ocrx_word' id='word_1_74' title='bbox 703 1494 788 1545; x_wconf 90' lang='lat' dir='ltr'>vocat</span> <span class='ocrx_word' id='word_1_75' title='bbox 800 1487 897 1558; x_wconf 86' lang='lat' dir='ltr'>altera,</span> <span class='ocrx_word' id='word_1_76' title='bbox 909 1487 1012 1546; x_wconf 85' lang='lat' dir='ltr'>saevam</span> 
     </span>
    </p>

    <p class='ocr_par' dir='ltr' id='par_1_10' title="bbox 211 1585 981 1665">
     <span class='ocr_line' id='line_1_14' title="bbox 211 1585 981 1665; baseline 0.008 -24"><span class='ocrx_word' id='word_1_77' title='bbox 211 1585 312 1642; x_wconf 89' lang='lat' dir='ltr'>Altera</span> <span class='ocrx_word' id='word_1_78' title='bbox 324 1587 511 1663; x_wconf 81' lang='lat' dir='ltr'>Tisiphonen:</span> <span class='ocrx_word' id='word_1_79' title='bbox 534 1588 674 1664; x_wconf 88' lang='lat' dir='ltr'>serpentes</span> <span class='ocrx_word' id='word_1_80' title='bbox 688 1597 773 1665; x_wconf 89' lang='lat' dir='ltr'>atque</span> <span class='ocrx_word' id='word_1_81' title='bbox 784 1588 892 1647; x_wconf 87' lang='lat' dir='ltr'>videres</span> <span class='ocrx_word' id='word_1_82' title='bbox 975 1601 981 1614; x_wconf 90' lang='grc'>·“</span> 
     </span>
    </p>

    <p class='ocr_par' dir='ltr' id='par_1_11' title="bbox 211 1687 894 1766">
     <span class='ocr_line' id='line_1_15' title="bbox 211 1687 894 1766; baseline 0.009 -24"><span class='ocrx_word' id='word_1_83' title='bbox 211 1687 339 1745; x_wconf 82' lang='lat' dir='ltr'>Infernas</span> <span class='ocrx_word' id='word_1_84' title='bbox 352 1707 443 1745; x_wconf 87' lang='lat' dir='ltr'>errare</span> <span class='ocrx_word' id='word_1_85' title='bbox 455 1709 546 1760; x_wconf 87' lang='lat' dir='ltr'>canes,</span> <span class='ocrx_word' id='word_1_86' title='bbox 567 1691 722 1766; x_wconf 90' lang='lat' dir='ltr'>lunamque</span> <span class='ocrx_word' id='word_1_87' title='bbox 734 1693 894 1762; x_wconf 79' lang='lat' dir='ltr'>rubentem,</span> 
     </span>
    </p>

    <p class='ocr_par' dir='ltr' id='par_1_12' title="bbox 212 1789 933 1870">
     <span class='ocr_line' id='line_1_16' title="bbox 212 1789 933 1870; baseline 0.011 -26"><span class='ocrx_word' id='word_1_88' title='bbox 212 1789 260 1845; x_wconf 88' lang='lat' dir='ltr'>Ne</span> <span class='ocrx_word' id='word_1_89' title='bbox 271 1789 344 1846; x_wconf 91' lang='lat' dir='ltr'>foret</span> <span class='ocrx_word' id='word_1_90' title='bbox 357 1790 400 1846; x_wconf 87' lang='lat' dir='ltr'>his</span> <span class='ocrx_word' id='word_1_91' title='bbox 413 1791 496 1862; x_wconf 79' lang='lat' dir='ltr'>testis,</span> <span class='ocrx_word' id='word_1_92' title='bbox 509 1794 570 1868; x_wconf 89' lang='lat' dir='ltr'>post</span> <span class='ocrx_word' id='word_1_93' title='bbox 582 1811 686 1870; x_wconf 88' lang='lat' dir='ltr'>magna</span> <span class='ocrx_word' id='word_1_94' title='bbox 699 1794 787 1851; x_wconf 90' lang='lat' dir='ltr'>latere</span> <span class='ocrx_word' id='word_1_95' title='bbox 798 1793 933 1870; x_wconf 87' lang='lat' dir='ltr'>sepulcra.</span> 
     </span>
    </p>

    <p class='ocr_par' dir='ltr' id='par_1_13' title="bbox 211 1893 964 1973">
     <span class='ocr_line' id='line_1_17' title="bbox 211 1893 964 1973; baseline 0.008 -24"><span class='ocrx_word' id='word_1_96' title='bbox 211 1893 339 1952; x_wconf 91' lang='lat' dir='ltr'>Mentior</span> <span class='ocrx_word' id='word_1_97' title='bbox 357 1913 390 1951; x_wconf 92' lang='lat' dir='ltr'>ac</span> <span class='ocrx_word' id='word_1_98' title='bbox 403 1895 423 1952; x_wconf 85' lang='lat' dir='ltr'>fi</span> <span class='ocrx_word' id='word_1_99' title='bbox 436 1895 513 1970; x_wconf 91' lang='lat' dir='ltr'>quid,</span> <span class='ocrx_word' id='word_1_100' title='bbox 533 1897 636 1954; x_wconf 88' lang='lat' dir='ltr'>merdis</span> <span class='ocrx_word' id='word_1_101' title='bbox 649 1905 734 1973; x_wconf 92' lang='lat' dir='ltr'>caput</span> <span class='ocrx_word' id='word_1_102' title='bbox 747 1897 879 1972; x_wconf 90' lang='lat' dir='ltr'>inquiner</span> <span class='ocrx_word' id='word_1_103' title='bbox 891 1897 964 1956; x_wconf 85' lang='lat' dir='ltr'>albis</span> 
     </span>
    </p>

    <p class='ocr_par' dir='ltr' id='par_1_14' title="bbox 212 1997 1012 2157">
     <span class='ocr_line' id='line_1_18' title="bbox 212 1997 1012 2076; baseline 0.009 -24"><span class='ocrx_word' id='word_1_104' title='bbox 212 1997 383 2067; x_wconf 79' lang='lat' dir='ltr'>Corvorum3</span> <span class='ocrx_word' id='word_1_105' title='bbox 406 2007 491 2073; x_wconf 90' lang='lat' dir='ltr'>atque</span> <span class='ocrx_word' id='word_1_106' title='bbox 508 1999 539 2056; x_wconf 93' lang='lat' dir='ltr'>in</span> <span class='ocrx_word' id='word_1_107' title='bbox 556 2019 603 2056; x_wconf 90' lang='lat' dir='ltr'>me</span> <span class='ocrx_word' id='word_1_108' title='bbox 616 1999 711 2057; x_wconf 87' lang='lat' dir='ltr'>veniat</span> <span class='ocrx_word' id='word_1_109' title='bbox 728 1999 849 2058; x_wconf 76' lang='lat' dir='ltr'>mictum</span> <span class='ocrx_word' id='word_1_110' title='bbox 865 2009 953 2076; x_wconf 91' lang='lat' dir='ltr'>atque</span> <span class='ocrx_word' id='word_1_111' title='bbox 964 2019 1012 2059; x_wconf 80' lang='lat' dir='ltr'>ca·</span> 
     </span>
     <span class='ocr_line' id='line_1_19' title="bbox 290 2109 386 2157; baseline 0 0"><span class='ocrx_word' id='word_1_112' title='bbox 290 2109 386 2157; x_wconf 88' lang='lat' dir='ltr'>catum</span> 
     </span>
    </p>

    <p class='ocr_par' dir='ltr' id='par_1_15' title="bbox 212 2201 893 2280">
     <span class='ocr_line' id='line_1_20' title="bbox 212 2201 893 2280; baseline 0.006 -22"><span class='ocrx_word' id='word_1_113' title='bbox 212 2201 312 2278; x_wconf 87' lang='lat' dir='ltr'>Julius,</span> <span class='ocrx_word' id='word_1_114' title='bbox 326 2211 355 2259; x_wconf 91' lang='lat' dir='ltr'>et</span> <span class='ocrx_word' id='word_1_115' title='bbox 368 2202 476 2279; x_wconf 86' lang='lat' dir='ltr'>fragilis</span> <span class='ocrx_word' id='word_1_116' title='bbox 489 2204 622 2274; x_wconf 87' lang='lat' dir='ltr'>Pediatia,</span> <span class='ocrx_word' id='word_1_117' title='bbox 639 2206 742 2280; x_wconf 88' lang='lat' dir='ltr'>surque</span> <span class='ocrx_word' id='word_1_118' title='bbox 754 2205 893 2264; x_wconf 90' lang='lat' dir='ltr'>Voranus.</span> 
     </span>
    </p>

    <p class='ocr_par' dir='ltr' id='par_1_16' title="bbox 212 2304 1011 2482">
     <span class='ocr_line' id='line_1_21' title="bbox 212 2304 1011 2383; baseline 0.009 -23"><span class='ocrx_word' id='word_1_119' title='bbox 212 2304 330 2381; x_wconf 86' lang='lat' dir='ltr'>Singula</span> <span class='ocrx_word' id='word_1_120' title='bbox 354 2305 425 2380; x_wconf 87' lang='lat' dir='ltr'>quid</span> <span class='ocrx_word' id='word_1_121' title='bbox 447 2309 620 2364; x_wconf 87' lang='lat' dir='ltr'>memorem?</span> <span class='ocrx_word' id='word_1_122' title='bbox 652 2326 710 2382; x_wconf 93' lang='lat' dir='ltr'>quo</span> <span class='ocrx_word' id='word_1_123' title='bbox 732 2308 815 2383; x_wconf 70' lang='lat' dir='ltr'>pacto</span> <span class='ocrx_word' id='word_1_124' title='bbox 841 2309 949 2367; x_wconf 84' lang='lat' dir='ltr'>alterna</span> <span class='ocrx_word' id='word_1_125' title='bbox 969 2310 1011 2367; x_wconf 81' lang='lat' dir='ltr'>lo·</span> 
     </span>
     <span class='ocr_line' id='line_1_22' title="bbox 289 2419 407 2482; baseline 0.017 -19"><span class='ocrx_word' id='word_1_126' title='bbox 289 2419 407 2482; x_wconf 89' lang='lat' dir='ltr'>quentes</span> 
     </span>
    </p>

    <p class='ocr_par' dir='ltr' id='par_1_17' title="bbox 201 2505 983 2587">
     <span class='ocr_line' id='line_1_23' title="bbox 201 2505 983 2587; baseline 0.006 -20"><span class='ocrx_word' id='word_1_127' title='bbox 201 2505 331 2568; x_wconf 68' lang='lat' dir='ltr'>⁴Umbrae</span> <span class='ocrx_word' id='word_1_128' title='bbox 344 2531 411 2568; x_wconf 89' lang='lat' dir='ltr'>cum</span> <span class='ocrx_word' id='word_1_129' title='bbox 424 2511 534 2587; x_wconf 70' lang='lat' dir='ltr'>Sagana</span> <span class='ocrx_word' id='word_1_130' title='bbox 546 2511 702 2569; x_wconf 88' lang='lat' dir='ltr'>resonarint</span> <span class='ocrx_word' id='word_1_131' title='bbox 716 2511 794 2569; x_wconf 87' lang='lat' dir='ltr'>triste</span> <span class='ocrx_word' id='word_1_132' title='bbox 806 2521 836 2569; x_wconf 91' lang='lat' dir='ltr'>et</span> <span class='ocrx_word' id='word_1_133' title='bbox 849 2521 967 2572; x_wconf 88' lang='lat' dir='ltr'>acutum</span> <span class='ocrx_word' id='word_1_134' title='bbox 972 2539 983 2586; x_wconf 74' lang='lat' dir='ltr'>i</span> 
     </span>
    </p>

    <p class='ocr_par' dir='ltr' id='par_1_18' title="bbox 212 2614 922 2690">
     <span class='ocr_line' id='line_1_24' title="bbox 212 2614 922 2690; baseline 0.003 -17"><span class='ocrx_word' id='word_1_135' title='bbox 212 2617 311 2690; x_wconf 89' lang='lat' dir='ltr'>thue</span> <span class='ocrx_word' id='word_1_136' title='bbox 324 2614 383 2689; x_wconf 93' lang='lat' dir='ltr'>lupi</span> <span class='ocrx_word' id='word_1_137' title='bbox 396 2617 514 2672; x_wconf 89' lang='lat' dir='ltr'>barbam</span> <span class='ocrx_word' id='word_1_138' title='bbox 526 2615 610 2673; x_wconf 82' lang='lat' dir='ltr'>variae</span> <span class='ocrx_word' id='word_1_139' title='bbox 623 2635 689 2674; x_wconf 89' lang='lat' dir='ltr'>cum</span> <span class='ocrx_word' id='word_1_140' title='bbox 701 2617 786 2674; x_wconf 90' lang='lat' dir='ltr'>dente</span> <span class='ocrx_word' id='word_1_141' title='bbox 798 2619 922 2676; x_wconf 82' lang='lat' dir='ltr'>colubrae</span> 
     </span>
    </p>

    <p class='ocr_par' dir='ltr' id='par_1_19' title="bbox 212 2716 887 2795">
     <span class='ocr_line' id='line_1_25' title="bbox 212 2716 887 2795; baseline 0 -18"><span class='ocrx_word' id='word_1_142' title='bbox 212 2716 385 2777; x_wconf 88' lang='lat' dir='ltr'>Abdiderint</span> <span class='ocrx_word' id='word_1_143' title='bbox 398 2717 498 2774; x_wconf 87' lang='lat' dir='ltr'>furtim</span> <span class='ocrx_word' id='word_1_144' title='bbox 511 2718 604 2788; x_wconf 88' lang='lat' dir='ltr'>terris;</span> <span class='ocrx_word' id='word_1_145' title='bbox 625 2727 655 2775; x_wconf 89' lang='lat' dir='ltr'>et</span> <span class='ocrx_word' id='word_1_146' title='bbox 667 2719 793 2795; x_wconf 88' lang='lat' dir='ltr'>imagine</span> <span class='ocrx_word' id='word_1_147' title='bbox 806 2720 887 2777; x_wconf 65' lang='lat' dir='ltr'>cerea</span> 
     </span>
    </p>

    <p class='ocr_par' dir='ltr' id='par_1_20' title="bbox 212 2817 938 2896">
     <span class='ocr_line' id='line_1_26' title="bbox 212 2817 938 2896; baseline 0.004 -19"><span class='ocrx_word' id='word_1_148' title='bbox 212 2819 331 2896; x_wconf 88' lang='lat' dir='ltr'>Largior</span> <span class='ocrx_word' id='word_1_149' title='bbox 344 2817 440 2876; x_wconf 89' lang='lat' dir='ltr'>arserit</span> <span class='ocrx_word' id='word_1_150' title='bbox 452 2819 525 2896; x_wconf 89' lang='lat' dir='ltr'>ignis</span> <span class='ocrx_word' id='word_1_151' title='bbox 532 2845 540 2889; x_wconf 87' lang='lat'>;</span> <span class='ocrx_word' id='word_1_152' title='bbox 562 2830 592 2877; x_wconf 89' lang='lat' dir='ltr'>et</span> <span class='ocrx_word' id='word_1_153' title='bbox 604 2831 646 2892; x_wconf 84' lang='lat' dir='ltr'>ut,</span> <span class='ocrx_word' id='word_1_154' title='bbox 661 2841 719 2878; x_wconf 92' lang='lat' dir='ltr'>non</span> <span class='ocrx_word' id='word_1_155' title='bbox 733 2821 807 2879; x_wconf 85' lang='lat' dir='ltr'>testis</span> <span class='ocrx_word' id='word_1_156' title='bbox 820 2822 938 2894; x_wconf 87' lang='lat' dir='ltr'>inultus,</span> 
     </span>
    </p>

    <p class='ocr_par' dir='ltr' id='par_1_21' title="bbox 212 2921 904 2984">
     <span class='ocr_line' id='line_1_27' title="bbox 212 2921 904 2984; baseline 0.01 -7"><span class='ocrx_word' id='word_1_157' title='bbox 212 2921 380 2978; x_wconf 88' lang='lat' dir='ltr'>Horruerim</span> <span class='ocrx_word' id='word_1_158' title='bbox 392 2922 633 2980; x_wconf 86' lang='lat' dir='ltr'>voces-Furiarum</span> <span class='ocrx_word' id='word_1_159' title='bbox 645 2933 674 2981; x_wconf 92' lang='lat' dir='ltr'>et</span> <span class='ocrx_word' id='word_1_160' title='bbox 687 2924 761 2982; x_wconf 70' lang='lat' dir='ltr'>satta</span> <span class='ocrx_word' id='word_1_161' title='bbox 774 2925 904 2984; x_wconf 85' lang='lat' dir='ltr'>duarum.</span> 
     </span>
    </p>

    <p class='ocr_par' dir='ltr' id='par_1_22' title="bbox 206 3001 902 3102">
     <span class='ocr_line' id='line_1_28' title="bbox 206 3001 902 3102; baseline 0.009 -22"><span class='ocrx_word' id='word_1_162' title='bbox 206 3001 301 3092; x_wconf 85' lang='lat' dir='ltr'>Nam,</span> <span class='ocrx_word' id='word_1_163' title='bbox 315 3023 433 3100; x_wconf 91' lang='lat' dir='ltr'>displosa</span> <span class='ocrx_word' id='word_1_164' title='bbox 445 3024 525 3082; x_wconf 91' lang='lat' dir='ltr'>sonat</span> <span class='ocrx_word' id='word_1_165' title='bbox 538 3035 677 3101; x_wconf 88' lang='lat' dir='ltr'>quantum</span> <span class='ocrx_word' id='word_1_166' title='bbox 690 3026 787 3098; x_wconf 84' lang='lat' dir='ltr'>vesica,</span> <span class='ocrx_word' id='word_1_167' title='bbox 801 3027 902 3102; x_wconf 85' lang='lat' dir='ltr'>pepedi</span> 
     </span>
    </p>

    <p class='ocr_par' dir='ltr' id='par_1_23' title="bbox 211 3122 910 3201">
     <span class='ocr_line' id='line_1_29' title="bbox 211 3122 910 3201; baseline -0.003 -13"><span class='ocrx_word' id='word_1_168' title='bbox 211 3122 324 3188; x_wconf 76' lang='lat' dir='ltr'>Diffiua</span> <span class='ocrx_word' id='word_1_169' title='bbox 336 3132 402 3186; x_wconf 88' lang='lat' dir='ltr'>nate</span> <span class='ocrx_word' id='word_1_170' title='bbox 413 3126 498 3201; x_wconf 76' lang='lat' dir='ltr'>ficus3</span> <span class='ocrx_word' id='word_1_171' title='bbox 519 3136 549 3186; x_wconf 86' lang='lat' dir='ltr'>at</span> <span class='ocrx_word' id='word_1_172' title='bbox 561 3127 618 3188; x_wconf 81' lang='lat' dir='ltr'>illae</span> <span class='ocrx_word' id='word_1_173' title='bbox 630 3147 740 3188; x_wconf 78' lang='lat' dir='ltr'>curere</span> <span class='ocrx_word' id='word_1_174' title='bbox 751 3129 783 3186; x_wconf 91' lang='lat' dir='ltr'>in</span> <span class='ocrx_word' id='word_1_175' title='bbox 795 3130 910 3188; x_wconf 64' lang='lat' dir='ltr'>urbemi</span> 
     </span>
    </p>
   </div>
   <div class='ocr_carea' id='block_1_4' title="bbox 0 0 1130 3680">
    <p class='ocr_par' dir='ltr' id='par_1_24' title="bbox 0 0 1130 3680">
     <span class='ocr_line' id='line_1_30' title="bbox 0 0 1130 3680; baseline 0 0"><span class='ocrx_word' id='word_1_176' title='bbox 0 0 1130 3680; x_wconf 95' lang='lat' dir='ltr'> </span> 
     </span>
    </p>
   </div>
  </div>
 </body>
</html>
