2242 3680
433 216 530 274 LIB.
565 217 603 274 ll.
643 235 669 274 v.
913 220 946 284 71

145 338 299 414 Tempore,
315 359 371 416 quo
381 339 493 417 juvenis
507 342 615 422 Parthis
628 341 792 410 horrendus,
809 332 845 397 ab
859 340 916 398 alto

144 440 307 498 Demiffum
321 463 411 519 genus
424 444 528 513 dinei,
543 445 644 501 tellure
658 441 785 517 marique

144 542 273 618 Magnus
286 545 349 614 erit,
363 546 431 602 forti
445 549 533 603 nubet
546 565 660 622 procera
675 546 787 634 Curauo

145 645 218 704 Filia
232 649 351 718 Nasicae,
365 649 518 706 metuentis
531 651 646 706 reddere
660 649 779 706 soldum.

146 751 326 826 Tumssgener
336 750 390 808 hoc
401 751 487 810 faciet
497 777 504 822 3
527 753 635 809 tabulas
646 751 740 808 socero
751 751 839 821 dabit,
853 759 947 826 atque,

145 851 192 908 Ut
205 851 291 928 legat,
303 853 408 912 orabit:
430 855 555 911 multum
567 853 673 912 Nafiea'
684 863 800 930 negatas

145 953 280 1029 Accipiet
293 956 417 1026 tandem,
432 967 461 1013 et
476 956 575 1013 tacitus
588 957 664 1032 leget
673 981 681 1026 5
703 954 886 1030 invenietque
907 987 910 994 v
926 965 929 974 ’

146 1055 202 1112 Nil
215 1056 266 1112 fibi
277 1057 415 1134 legatum,
429 1069 530 1134 praeter
542 1058 659 1134 plorare,
674 1057 795 1132 suisque.

144 1156 222 1214 Illud
234 1160 270 1215 ad
282 1159 344 1215 haec
353 1149 454 1236 jubeo:
477 1160 579 1217 mulier
592 1161 612 1217 s1
626 1160 699 1216 forte
712 1159 816 1228 dolosa,

144 1258 320 1330 Libertusve,
335 1260 431 1318 senem
442 1262 562 1319 delirum
576 1271 723 1337 temperet,
741 1261 796 1318 illis

143 1363 273 1419 Aceedas
287 1362 388 1420 socius:
410 1364 516 1434 laudes,
530 1365 651 1423 lauderis
664 1373 698 1420 ut
711 1365 819 1422 absens.

143 1465 273 1540 Adjuvat
285 1466 340 1522 hoe
353 1485 465 1542 quoque
472 1493 480 1538 5
503 1467 550 1524 sed
560 1467 650 1524 vineit
662 1467 748 1542 longe
757 1466 838 1542 -priue
851 1467 944 1542 ipsum

142 1569 316 1644 Expugnare
329 1580 423 1644 caput.
463 1569 571 1626 Scribet
584 1569 657 1626 mala
671 1567 796 1624 carmina
810 1572 924 1626 vecors?

144 1671 282 1729 Laudato,
324 1672 464 1728 Scortator
476 1671 548 1742 erit?
568 1689 635 1727 eave
654 1679 682 1727 te
696 1681 776 1747 roget
782 1695 790 1741 3
813 1672 888 1728 ultro

143 1774 303 1848 Penelopen
316 1773 406 1830 facilis
419 1773 521 1849 potiori
535 1775 622 1830 trade.
663 1775 793 1844 Putasne,

142 1876 261 1934 Perduei
273 1875 378 1951 poterit
392 1886 451 1932 tam
464 1876 549 1952 frugi,
564 1887 680 1950 tamque
692 1877 811 1952 pudica3

143 1981 242 2037 Quam
255 1979 388 2054 nequiere
400 1980 477 2055 proci
491 1981 568 2037 redlo
579 1981 719 2056 depellere
733 1981 832 2040 cursu?

141 2082 232 2148 Venit
244 2081 322 2138 enim
335 2101 473 2158 magnum
487 2083 611 2140 donandi
624 2101 707 2159 parca
717 2083 862 2158 juventus,

140 2185 207 2248 Nec
221 2195 332 2242 tantum
345 2184 464 2241 Veneris
477 2194 617 2259 quantum
630 2185 748 2242 studiosa
762 2186 874 2242 culinae.

142 2288 188 2344 Sic
201 2288 254 2346 tibi
267 2288 405 2362 Penelope
418 2287 495 2363 frugi
508 2287 561 2344 est:
585 2307 660 2362 quae‚
675 2289 695 2344 li
709 2287 795 2344 semel
809 2307 868 2344 uno
915 2309 918 2318 ·

140 2391 188 2448 De
198 2391 263 2447 sene
277 2390 400 2466 gustarit,
416 2399 512 2446 tecum
521 2389 624 2464 partita
637 2389 783 2459 lucellum,

60 2473 61 2476 Ἴ
140 2494 185 2550 Ut
198 2493 284 2562 cunin
299 2513 314 2550 a
328 2491 404 2548 corio
417 2509 563 2566 nunquam
577 2491 774 2549 absterrebitur
785 2492 880 2550 undio,

140 2597 193 2652 Me
206 2596 279 2664 sene,
293 2595 370 2669 quod
383 2594 485 2661 dicam,
504 2592 613 2650 fadum
625 2593 672 2650 est.
714 2595 796 2652 Anus
809 2595 938 2672 improba

218 2697 325 2754 Thebis

138 2802 185 2858 Ex
199 2800 365 2856 testamento
378 2800 415 2855 fic
427 2798 466 2856 est
479 2799 502 2854 el
507 2807 565 2856 ata:
588 2801 705 2857 cadaver

138 2903 269 2960 Uueium
281 2901 344 2958 oleo
358 2901 437 2976 largo
450 2889 534 2958 nudie
545 2901 670 2958 humeris
684 2901 751 2958 tulit
763 2902 857 2958 heres:

139 3003 251 3062 Scilicet
264 3003 338 3060 elabi
351 3003 370 3059 si
384 3002 472 3078 poffet
486 3012 614 3060 mortua:
637 3004 729 3072 crede,

140 3106 230 3164 Quod
240 3105 363 3162 nimium
375 3104 513 3162 institerat
525 3103 641 3164 viventi.
683 3106 790 3164 Cautus
804 3105 895 3165 adito:
