<?xml version="1.0" encoding="UTF-8"?>
<!DOCTYPE html PUBLIC "-//W3C//DTD XHTML 1.0 Transitional//EN"
    "http://www.w3.org/TR/xhtml1/DTD/xhtml1-transitional.dtd">
<html xmlns="http://www.w3.org/1999/xhtml" xml:lang="en" lang="en">
 <head>
  <title>
</title>
<meta http-equiv="Content-Type" content="text/html;charset=utf-8" />
  <meta name='ocr-system' content='tesseract 3.04.00' />
  <meta name='ocr-capabilities' content='ocr_page ocr_carea ocr_par ocr_line ocrx_word'/>
</head>
<body>
  <div class='ocr_page' id='page_1' title='image "./qhoratiiflacci01horagoog_0032.png"; bbox 0 0 2242 3680; ppageno 0'>
   <div class='ocr_carea' id='block_1_1' title="bbox 357 265 634 326">
    <p class='ocr_par' dir='ltr' id='par_1_1' title="bbox 357 265 634 326">
     <span class='ocr_line' id='line_1_1' title="bbox 357 265 634 326; baseline 0.022 -6"><span class='ocrx_word' id='word_1_1' title='bbox 357 305 360 320; x_wconf 90' lang='lat'><em>.</em></span> <span class='ocrx_word' id='word_1_2' title='bbox 412 265 505 326; x_wconf 85' lang='lat' dir='ltr'><strong>LIB.</strong></span> <span class='ocrx_word' id='word_1_3' title='bbox 533 267 556 326; x_wconf 92' lang='lat' dir='ltr'>I.</span> <span class='ocrx_word' id='word_1_4' title='bbox 595 267 634 326; x_wconf 81' lang='lat' dir='ltr'>iv.</span> 
     </span>
    </p>
   </div>
   <div class='ocr_carea' id='block_1_2' title="bbox 17 389 903 3134">
    <p class='ocr_par' dir='ltr' id='par_1_2' title="bbox 17 389 903 3134">
     <span class='ocr_line' id='line_1_2' title="bbox 105 389 758 470; baseline 0.006 -24"><span class='ocrx_word' id='word_1_5' title='bbox 105 389 217 448; x_wconf 85' lang='lat' dir='ltr'>Possurn</span> <span class='ocrx_word' id='word_1_6' title='bbox 232 389 319 462; x_wconf 88' lang='lat' dir='ltr'>aliud,</span> <span class='ocrx_word' id='word_1_7' title='bbox 333 411 397 452; x_wconf 89' lang='lat' dir='ltr'>vere</span> <span class='ocrx_word' id='word_1_8' title='bbox 410 395 554 470; x_wconf 82' lang='lat' dir='ltr'>promitte.</span> <span class='ocrx_word' id='word_1_9' title='bbox 596 393 724 452; x_wconf 79' lang='lat' dir='ltr'>Liberius</span> <span class='ocrx_word' id='word_1_10' title='bbox 738 395 758 450; x_wconf 85' lang='lat' dir='ltr'>fi</span> 
     </span>
     <span class='ocr_line' id='line_1_3' title="bbox 104 487 798 574; baseline 0.009 -26"><span class='ocrx_word' id='word_1_11' title='bbox 104 487 213 560; x_wconf 79' lang='lat' dir='ltr'>Dixere</span> <span class='ocrx_word' id='word_1_12' title='bbox 226 493 304 569; x_wconf 91' lang='lat' dir='ltr'>quid,</span> <span class='ocrx_word' id='word_1_13' title='bbox 320 496 340 552; x_wconf 90' lang='lat' dir='ltr'>s1</span> <span class='ocrx_word' id='word_1_14' title='bbox 354 497 428 554; x_wconf 85' lang='lat' dir='ltr'>forte</span> <span class='ocrx_word' id='word_1_15' title='bbox 437 497 565 574; x_wconf 81' lang='lat' dir='ltr'>jocosrus‚</span> <span class='ocrx_word' id='word_1_16' title='bbox 580 497 634 556; x_wconf 87' lang='lat' dir='ltr'>hoc</span> <span class='ocrx_word' id='word_1_17' title='bbox 647 495 719 554; x_wconf 89' lang='lat' dir='ltr'>mihi</span> <span class='ocrx_word' id='word_1_18' title='bbox 728 495 798 573; x_wconf 84' lang='lat' dir='ltr'>juris</span> 
     </span>
     <span class='ocr_line' id='line_1_4' title="bbox 105 594 903 676; baseline 0.01 -26"><span class='ocrx_word' id='word_1_19' title='bbox 105 594 182 652; x_wconf 91' lang='lat' dir='ltr'>Cum</span> <span class='ocrx_word' id='word_1_20' title='bbox 195 595 278 652; x_wconf 67' lang='lat' dir='ltr'>venii</span> <span class='ocrx_word' id='word_1_21' title='bbox 292 595 379 655; x_wconf 87' lang='lat' dir='ltr'>dabis.</span> <span class='ocrx_word' id='word_1_22' title='bbox 404 599 530 656; x_wconf 89' lang='lat' dir='ltr'>Insuevit</span> <span class='ocrx_word' id='word_1_23' title='bbox 543 611 624 676; x_wconf 83' lang='lat' dir='ltr'>pater</span> <span class='ocrx_word' id='word_1_24' title='bbox 637 599 760 676; x_wconf 85' lang='lat' dir='ltr'>optimus</span> <span class='ocrx_word' id='word_1_25' title='bbox 779 599 834 656; x_wconf 89' lang='lat' dir='ltr'>hoc</span> <span class='ocrx_word' id='word_1_26' title='bbox 846 618 903 672; x_wconf 86' lang='lat' dir='ltr'>me,</span> 
     </span>
     <span class='ocr_line' id='line_1_5' title="bbox 104 696 863 778; baseline 0.009 -25"><span class='ocrx_word' id='word_1_27' title='bbox 104 696 148 753; x_wconf 92' lang='lat' dir='ltr'>Ut</span> <span class='ocrx_word' id='word_1_28' title='bbox 159 697 290 774; x_wconf 84' lang='lat' dir='ltr'>fugerem</span> <span class='ocrx_word' id='word_1_29' title='bbox 303 700 439 777; x_wconf 85' lang='lat' dir='ltr'>exemplis</span> <span class='ocrx_word' id='word_1_30' title='bbox 451 701 584 760; x_wconf 90' lang='lat' dir='ltr'>vitiorum</span> <span class='ocrx_word' id='word_1_31' title='bbox 598 721 717 778; x_wconf 83' lang='lat' dir='ltr'>quaeque</span> <span class='ocrx_word' id='word_1_32' title='bbox 731 702 863 766; x_wconf 81' lang='lat' dir='ltr'>notando,</span> 
     </span>
     <span class='ocr_line' id='line_1_6' title="bbox 104 798 799 880; baseline 0.009 -25"><span class='ocrx_word' id='word_1_33' title='bbox 104 798 181 856; x_wconf 91' lang='lat' dir='ltr'>Cum</span> <span class='ocrx_word' id='word_1_34' title='bbox 193 819 242 857; x_wconf 87' lang='lat' dir='ltr'>me</span> <span class='ocrx_word' id='word_1_35' title='bbox 254 801 421 873; x_wconf 79' lang='lat' dir='ltr'>hortaretur,</span> <span class='ocrx_word' id='word_1_36' title='bbox 434 823 527 880; x_wconf 83' lang='lat' dir='ltr'>parce,</span> <span class='ocrx_word' id='word_1_37' title='bbox 543 803 700 880; x_wconf 86' lang='lat' dir='ltr'>frugaliter,</span> <span class='ocrx_word' id='word_1_38' title='bbox 714 813 799 880; x_wconf 86' lang='lat' dir='ltr'>atque</span> 
     </span>
     <span class='ocr_line' id='line_1_7' title="bbox 103 899 878 982; baseline 0.006 -24"><span class='ocrx_word' id='word_1_39' title='bbox 103 899 237 959; x_wconf 87' lang='lat' dir='ltr'>Viverem</span> <span class='ocrx_word' id='word_1_40' title='bbox 252 903 294 960; x_wconf 92' lang='lat' dir='ltr'>uti</span> <span class='ocrx_word' id='word_1_41' title='bbox 307 914 456 963; x_wconf 89' lang='lat' dir='ltr'>contentus</span> <span class='ocrx_word' id='word_1_42' title='bbox 470 925 512 977; x_wconf 87' lang='lat' dir='ltr'>eo,</span> <span class='ocrx_word' id='word_1_43' title='bbox 532 907 608 982; x_wconf 90' lang='lat' dir='ltr'>quod</span> <span class='ocrx_word' id='word_1_44' title='bbox 622 907 662 962; x_wconf 84' lang='lat' dir='ltr'>mi</span> <span class='ocrx_word' id='word_1_45' title='bbox 676 906 734 981; x_wconf 89' lang='lat' dir='ltr'>ipse</span> <span class='ocrx_word' id='word_1_46' title='bbox 748 905 878 982; x_wconf 78' lang='lat' dir='ltr'>parasset:</span> 
     </span>
     <span class='ocr_line' id='line_1_8' title="bbox 102 1003 831 1083; baseline 0.008 -23"><span class='ocrx_word' id='word_1_47' title='bbox 102 1003 211 1062; x_wconf 85' lang='lat' dir='ltr'><strong>Nonne</strong></span> <span class='ocrx_word' id='word_1_48' title='bbox 221 1004 308 1076; x_wconf 88' lang='lat' dir='ltr'>vides,</span> <span class='ocrx_word' id='word_1_49' title='bbox 322 1007 392 1064; x_wconf 82' lang='lat' dir='ltr'>Albi</span> <span class='ocrx_word' id='word_1_50' title='bbox 405 1017 441 1064; x_wconf 90' lang='lat' dir='ltr'>ut</span> <span class='ocrx_word' id='word_1_51' title='bbox 449 1008 524 1065; x_wconf 87' lang='lat' dir='ltr'>male</span> <span class='ocrx_word' id='word_1_52' title='bbox 536 1007 612 1064; x_wconf 89' lang='lat' dir='ltr'>vivat</span> <span class='ocrx_word' id='word_1_53' title='bbox 625 1007 716 1064; x_wconf 86' lang='lat' dir='ltr'>filius?</span> <span class='ocrx_word' id='word_1_54' title='bbox 742 1017 831 1083; x_wconf 92' lang='lat' dir='ltr'>utque</span> 
     </span>
     <span class='ocr_line' id='line_1_9' title="bbox 101 1107 902 1188; baseline 0.009 -25"><span class='ocrx_word' id='word_1_55' title='bbox 101 1107 189 1164; x_wconf 88' lang='lat' dir='ltr'>Barus</span> <span class='ocrx_word' id='word_1_56' title='bbox 209 1107 307 1184; x_wconf 81' lang='lat' dir='ltr'>inops?</span> <span class='ocrx_word' id='word_1_57' title='bbox 329 1127 467 1186; x_wconf 88' lang='lat' dir='ltr'>maguum</span> <span class='ocrx_word' id='word_1_58' title='bbox 489 1111 702 1181; x_wconf 85' lang='lat' dir='ltr'><strong>documentum,</strong></span> <span class='ocrx_word' id='word_1_59' title='bbox 725 1130 761 1168; x_wconf 87' lang='lat' dir='ltr'>ne</span> <span class='ocrx_word' id='word_1_60' title='bbox 782 1111 902 1188; x_wconf 83' lang='lat' dir='ltr'>patn&#39;am</span> 
     </span>
     <span class='ocr_line' id='line_1_10' title="bbox 104 1229 241 1268; baseline 0.007 -1"><span class='ocrx_word' id='word_1_61' title='bbox 104 1239 109 1252; x_wconf 80' lang='lat'>=</span> <span class='ocrx_word' id='word_1_62' title='bbox 179 1229 241 1268; x_wconf 88' lang='lat' dir='ltr'>rem</span> 
     </span>
     <span class='ocr_line' id='line_1_11' title="bbox 100 1313 816 1393; baseline 0.008 -23"><span class='ocrx_word' id='word_1_63' title='bbox 100 1313 219 1372; x_wconf 82' lang='lat' dir='ltr'>Perdere</span> <span class='ocrx_word' id='word_1_64' title='bbox 231 1313 293 1390; x_wconf 91' lang='lat' dir='ltr'>quis</span> <span class='ocrx_word' id='word_1_65' title='bbox 306 1315 382 1374; x_wconf 88' lang='lat' dir='ltr'>velit.</span> <span class='ocrx_word' id='word_1_66' title='bbox 422 1317 452 1374; x_wconf 91' lang='lat' dir='ltr'>A</span> <span class='ocrx_word' id='word_1_67' title='bbox 466 1317 541 1393; x_wconf 88' lang='lat' dir='ltr'>turpi</span> <span class='ocrx_word' id='word_1_68' title='bbox 554 1317 707 1375; x_wconf 82' lang='lat' dir='ltr'>meretricis</span> <span class='ocrx_word' id='word_1_69' title='bbox 722 1337 816 1377; x_wconf 88' lang='lat' dir='ltr'>amore</span> 
     </span>
     <span class='ocr_line' id='line_1_12' title="bbox 100 1416 699 1489; baseline 0.007 -16"><span class='ocrx_word' id='word_1_70' title='bbox 100 1416 177 1474; x_wconf 82' lang='lat' dir='ltr'>Cum</span> <span class='ocrx_word' id='word_1_71' title='bbox 190 1417 358 1489; x_wconf 87' lang='lat' dir='ltr'>deterreret;</span> <span class='ocrx_word' id='word_1_72' title='bbox 382 1419 492 1477; x_wconf 86' lang='lat' dir='ltr'>Scetani</span> <span class='ocrx_word' id='word_1_73' title='bbox 505 1419 643 1477; x_wconf 80' lang='lat' dir='ltr'>diffimilis</span> <span class='ocrx_word' id='word_1_74' title='bbox 657 1421 699 1480; x_wconf 80' lang='lat' dir='ltr'>fis.</span> 
     </span>
     <span class='ocr_line' id='line_1_13' title="bbox 99 1519 823 1594; baseline 0.006 -18"><span class='ocrx_word' id='word_1_75' title='bbox 99 1519 147 1576; x_wconf 89' lang='lat' dir='ltr'>Ne</span> <span class='ocrx_word' id='word_1_76' title='bbox 160 1519 290 1594; x_wconf 86' lang='lat' dir='ltr'>sequerer</span> <span class='ocrx_word' id='word_1_77' title='bbox 302 1521 435 1592; x_wconf 71' lang='lat' dir='ltr'>moechas,</span> <span class='ocrx_word' id='word_1_78' title='bbox 448 1521 574 1578; x_wconf 67' lang='lat' dir='ltr'>concedi</span> <span class='ocrx_word' id='word_1_79' title='bbox 586 1541 653 1578; x_wconf 92' lang='lat' dir='ltr'>cum</span> <span class='ocrx_word' id='word_1_80' title='bbox 665 1541 766 1580; x_wconf 90' lang='lat' dir='ltr'>venere</span> <span class='ocrx_word' id='word_1_81' title='bbox 778 1523 823 1581; x_wconf 91' lang='lat' dir='ltr'>uti</span> 
     </span>
     <span class='ocr_line' id='line_1_14' title="bbox 99 1622 838 1698; baseline 0.004 -19"><span class='ocrx_word' id='word_1_82' title='bbox 99 1622 224 1691; x_wconf 73' lang='lat' dir='ltr'>Possem,</span> <span class='ocrx_word' id='word_1_83' title='bbox 246 1623 382 1698; x_wconf 86' lang='lat' dir='ltr'>Deprenfi</span> <span class='ocrx_word' id='word_1_84' title='bbox 396 1643 453 1680; x_wconf 89' lang='lat' dir='ltr'>non</span> <span class='ocrx_word' id='word_1_85' title='bbox 466 1623 540 1680; x_wconf 87' lang='lat' dir='ltr'>bella</span> <span class='ocrx_word' id='word_1_86' title='bbox 554 1623 593 1680; x_wconf 87' lang='lat' dir='ltr'>est</span> <span class='ocrx_word' id='word_1_87' title='bbox 606 1623 691 1681; x_wconf 84' lang='lat' dir='ltr'>Fama</span> <span class='ocrx_word' id='word_1_88' title='bbox 704 1625 838 1696; x_wconf 81' lang='lat' dir='ltr'>Treboni,</span> 
     </span>
     <span class='ocr_line' id='line_1_15' title="bbox 98 1723 723 1802; baseline 0.005 -21"><span class='ocrx_word' id='word_1_89' title='bbox 98 1723 213 1782; x_wconf 86' lang='lat' dir='ltr'>Aiebat.</span> <span class='ocrx_word' id='word_1_90' title='bbox 254 1725 376 1800; x_wconf 85' lang='lat' dir='ltr'>Sapiens,</span> <span class='ocrx_word' id='word_1_91' title='bbox 391 1725 482 1783; x_wconf 85' lang='lat' dir='ltr'>vitatu</span> <span class='ocrx_word' id='word_1_92' title='bbox 496 1725 621 1801; x_wconf 91' lang='lat' dir='ltr'>quidque</span> <span class='ocrx_word' id='word_1_93' title='bbox 630 1727 723 1802; x_wconf 89' lang='lat' dir='ltr'>petitu</span> 
     </span>
     <span class='ocr_line' id='line_1_16' title="bbox 98 1826 807 1901; baseline 0.01 -19"><span class='ocrx_word' id='word_1_94' title='bbox 98 1826 139 1883; x_wconf 86' lang='lat' dir='ltr'>Sit</span> <span class='ocrx_word' id='word_1_95' title='bbox 151 1826 261 1896; x_wconf 85' lang='lat' dir='ltr'>melius,</span> <span class='ocrx_word' id='word_1_96' title='bbox 276 1827 371 1884; x_wconf 83' lang='lat' dir='ltr'>causas</span> <span class='ocrx_word' id='word_1_97' title='bbox 384 1828 482 1886; x_wconf 84' lang='lat' dir='ltr'>reddet</span> <span class='ocrx_word' id='word_1_98' title='bbox 496 1827 566 1897; x_wconf 71' lang='lat' dir='ltr'>tibi,</span> <span class='ocrx_word' id='word_1_99' title='bbox 590 1830 632 1885; x_wconf 82' lang='lat' dir='ltr'>mi</span> <span class='ocrx_word' id='word_1_100' title='bbox 646 1829 711 1887; x_wconf 87' lang='lat' dir='ltr'>satis</span> <span class='ocrx_word' id='word_1_101' title='bbox 724 1831 771 1901; x_wconf 90' lang='lat' dir='ltr'>est,</span> <span class='ocrx_word' id='word_1_102' title='bbox 786 1832 807 1889; x_wconf 87' lang='lat' dir='ltr'>fi</span> 
     </span>
     <span class='ocr_line' id='line_1_17' title="bbox 94 1929 833 2010; baseline 0.008 -24"><span class='ocrx_word' id='word_1_103' title='bbox 94 1930 247 1987; x_wconf 81' lang='lat' dir='ltr'>Traditum</span> <span class='ocrx_word' id='word_1_104' title='bbox 258 1932 293 1986; x_wconf 90' lang='lat' dir='ltr'>ab</span> <span class='ocrx_word' id='word_1_105' title='bbox 305 1929 427 2005; x_wconf 88' lang='lat' dir='ltr'>autiquis</span> <span class='ocrx_word' id='word_1_106' title='bbox 438 1949 546 1986; x_wconf 88' lang='lat' dir='ltr'>rnorem</span> <span class='ocrx_word' id='word_1_107' title='bbox 559 1929 673 2001; x_wconf 86' lang='lat' dir='ltr'>servare,</span> <span class='ocrx_word' id='word_1_108' title='bbox 689 1943 833 2010; x_wconf 87' lang='lat' dir='ltr'>tuamque,</span> 
     </span>
     <span class='ocr_line' id='line_1_18' title="bbox 96 2031 760 2108; baseline 0.008 -20"><span class='ocrx_word' id='word_1_109' title='bbox 96 2031 175 2090; x_wconf 90' lang='lat' dir='ltr'>Dum</span> <span class='ocrx_word' id='word_1_110' title='bbox 189 2031 308 2090; x_wconf 88' lang='lat' dir='ltr'>custodis</span> <span class='ocrx_word' id='word_1_111' title='bbox 321 2051 395 2108; x_wconf 86' lang='lat' dir='ltr'>eges,</span> <span class='ocrx_word' id='word_1_112' title='bbox 409 2032 499 2089; x_wconf 88' lang='lat' dir='ltr'>vitam</span> <span class='ocrx_word' id='word_1_113' title='bbox 512 2032 675 2107; x_wconf 80' lang='lat' dir='ltr'>famamque</span> <span class='ocrx_word' id='word_1_114' title='bbox 688 2035 760 2092; x_wconf 89' lang='lat' dir='ltr'>tueri</span> 
     </span>
     <span class='ocr_line' id='line_1_19' title="bbox 95 2133 794 2210; baseline 0.006 -19"><span class='ocrx_word' id='word_1_115' title='bbox 95 2133 274 2191; x_wconf 87' lang='lat' dir='ltr'>Incolumem</span> <span class='ocrx_word' id='word_1_116' title='bbox 286 2134 409 2210; x_wconf 82' lang='lat' dir='ltr'>poffum:</span> <span class='ocrx_word' id='word_1_117' title='bbox 432 2133 513 2190; x_wconf 88' lang='lat' dir='ltr'>fimul</span> <span class='ocrx_word' id='word_1_118' title='bbox 528 2153 559 2190; x_wconf 88' lang='lat' dir='ltr'>ac</span> <span class='ocrx_word' id='word_1_119' title='bbox 573 2135 714 2193; x_wconf 84' lang='lat' dir='ltr'>duraverit</span> <span class='ocrx_word' id='word_1_120' title='bbox 727 2148 794 2195; x_wconf 80' lang='lat' dir='ltr'>aetar</span> 
     </span>
     <span class='ocr_line' id='line_1_20' title="bbox 94 2235 894 2311; baseline 0.009 -17"><span class='ocrx_word' id='word_1_121' title='bbox 94 2237 227 2294; x_wconf 88' lang='lat' dir='ltr'>Membra</span> <span class='ocrx_word' id='word_1_122' title='bbox 242 2235 426 2311; x_wconf 89' lang='lat' dir='ltr'>animumque</span> <span class='ocrx_word' id='word_1_123' title='bbox 440 2245 531 2304; x_wconf 91' lang='lat' dir='ltr'>tuum,</span> <span class='ocrx_word' id='word_1_124' title='bbox 547 2235 625 2293; x_wconf 84' lang='lat' dir='ltr'>nabis</span> <span class='ocrx_word' id='word_1_125' title='bbox 638 2237 696 2296; x_wconf 87' lang='lat' dir='ltr'>fine</span> <span class='ocrx_word' id='word_1_126' title='bbox 709 2240 820 2299; x_wconf 85' lang='lat' dir='ltr'>cortice.</span> <span class='ocrx_word' id='word_1_127' title='bbox 849 2243 894 2301; x_wconf 91' lang='lat' dir='ltr'>Sic</span> 
     </span>
     <span class='ocr_line' id='line_1_21' title="bbox 171 2358 361 2416; baseline 0.005 -20"><span class='ocrx_word' id='word_1_128' title='bbox 171 2358 219 2396; x_wconf 89' lang='lat' dir='ltr'>me</span> <span class='ocrx_word' id='word_1_129' title='bbox 358 2411 361 2416; x_wconf 23' lang='grc' dir='ltr'>Ι</span> 
     </span>
     <span class='ocr_line' id='line_1_22' title="bbox 94 2440 744 2518; baseline 0.006 -20"><span class='ocrx_word' id='word_1_130' title='bbox 94 2441 246 2498; x_wconf 86' lang='lat' dir='ltr'>Formabat</span> <span class='ocrx_word' id='word_1_131' title='bbox 255 2459 376 2517; x_wconf 89' lang='lat' dir='ltr'>puerum</span> <span class='ocrx_word' id='word_1_132' title='bbox 387 2440 467 2498; x_wconf 73' lang='lat' dir='ltr'>dietis</span> <span class='ocrx_word' id='word_1_133' title='bbox 477 2467 484 2510; x_wconf 78' lang='lat'>3</span> <span class='ocrx_word' id='word_1_134' title='bbox 506 2449 544 2511; x_wconf 88' lang='lat' dir='ltr'>et,</span> <span class='ocrx_word' id='word_1_135' title='bbox 563 2442 617 2499; x_wconf 87' lang='lat' dir='ltr'>five</span> <span class='ocrx_word' id='word_1_136' title='bbox 624 2442 744 2518; x_wconf 85' lang='lat' dir='ltr'>jubebat</span> 
     </span>
     <span class='ocr_line' id='line_1_23' title="bbox 93 2543 870 2622; baseline 0.009 -21"><span class='ocrx_word' id='word_1_137' title='bbox 93 2544 135 2601; x_wconf 95' lang='lat' dir='ltr'>Ut</span> <span class='ocrx_word' id='word_1_138' title='bbox 145 2545 270 2601; x_wconf 83' lang='lat' dir='ltr'>facerem</span> <span class='ocrx_word' id='word_1_139' title='bbox 281 2543 359 2619; x_wconf 87' lang='lat' dir='ltr'>quid,</span> <span class='ocrx_word' id='word_1_140' title='bbox 372 2545 468 2600; x_wconf 86' lang='lat' dir='ltr'>Habes</span> <span class='ocrx_word' id='word_1_141' title='bbox 481 2555 619 2614; x_wconf 81' lang='lat' dir='ltr'>autorem,</span> <span class='ocrx_word' id='word_1_142' title='bbox 634 2566 690 2621; x_wconf 94' lang='lat' dir='ltr'>quo</span> <span class='ocrx_word' id='word_1_143' title='bbox 701 2547 787 2606; x_wconf 87' lang='lat' dir='ltr'>facias</span> <span class='ocrx_word' id='word_1_144' title='bbox 798 2549 852 2608; x_wconf 91' lang='lat' dir='ltr'>hoc</span> <span class='ocrx_word' id='word_1_145' title='bbox 861 2575 870 2622; x_wconf 75' lang='lat'>5</span> 
     </span>
     <span class='ocr_line' id='line_1_24' title="bbox 92 2631 837 2721; baseline 0.001 -17"><span class='ocrx_word' id='word_1_146' title='bbox 92 2647 193 2704; x_wconf 89' lang='lat' dir='ltr'>Unum</span> <span class='ocrx_word' id='word_1_147' title='bbox 206 2665 243 2712; x_wconf 83' lang='lat' dir='ltr'>ex</span> <span class='ocrx_word' id='word_1_148' title='bbox 251 2645 393 2721; x_wconf 89' lang='lat' dir='ltr'>judicibus</span> <span class='ocrx_word' id='word_1_149' title='bbox 406 2645 511 2704; x_wconf 66' lang='lat' dir='ltr'>selenis</span> <span class='ocrx_word' id='word_1_150' title='bbox 523 2645 693 2721; x_wconf 83' lang='lat' dir='ltr'>objiciebat:</span> <span class='ocrx_word' id='word_1_151' title='bbox 834 2631 837 2636; x_wconf 16' lang='lat' dir='ltr'><em>V</em></span> 
     </span>
     <span class='ocr_line' id='line_1_25' title="bbox 92 2747 891 2822; baseline 0.01 -16"><span class='ocrx_word' id='word_1_152' title='bbox 92 2749 154 2822; x_wconf 59' lang='lat' dir='ltr'>Sine</span> <span class='ocrx_word' id='word_1_153' title='bbox 163 2750 278 2807; x_wconf 85' lang='lat' dir='ltr'>vetabat</span> <span class='ocrx_word' id='word_1_154' title='bbox 285 2773 293 2818; x_wconf 69' lang='grc' dir='ltr'><strong><em>ς</em></strong></span> <span class='ocrx_word' id='word_1_155' title='bbox 316 2749 364 2805; x_wconf 86' lang='lat' dir='ltr'>An</span> <span class='ocrx_word' id='word_1_156' title='bbox 375 2747 429 2806; x_wconf 89' lang='lat' dir='ltr'>hoc</span> <span class='ocrx_word' id='word_1_157' title='bbox 441 2747 621 2804; x_wconf 89' lang='lat' dir='ltr'>inhonestum</span> <span class='ocrx_word' id='word_1_158' title='bbox 632 2761 661 2806; x_wconf 89' lang='lat' dir='ltr'>et</span> <span class='ocrx_word' id='word_1_159' title='bbox 672 2749 774 2810; x_wconf 91' lang='lat' dir='ltr'>inutile</span> <span class='ocrx_word' id='word_1_160' title='bbox 782 2754 891 2814; x_wconf 68' lang='lat' dir='ltr'>fabium</span> 
     </span>
     <span class='ocr_line' id='line_1_26' title="bbox 90 2849 899 2926; baseline 0.006 -17"><span class='ocrx_word' id='word_1_161' title='bbox 90 2852 191 2911; x_wconf 84' lang='lat' dir='ltr'>Neene</span> <span class='ocrx_word' id='word_1_162' title='bbox 205 2851 248 2920; x_wconf 89' lang='lat' dir='ltr'>fit,</span> <span class='ocrx_word' id='word_1_163' title='bbox 263 2849 419 2918; x_wconf 84' lang='lat' dir='ltr'>addubites,</span> <span class='ocrx_word' id='word_1_164' title='bbox 434 2849 535 2926; x_wconf 86' lang='lat' dir='ltr'>flagret</span> <span class='ocrx_word' id='word_1_165' title='bbox 547 2869 659 2909; x_wconf 89' lang='lat' dir='ltr'>rumore</span> <span class='ocrx_word' id='word_1_166' title='bbox 669 2854 745 2912; x_wconf 89' lang='lat' dir='ltr'>malo</span> <span class='ocrx_word' id='word_1_167' title='bbox 758 2875 825 2914; x_wconf 93' lang='lat' dir='ltr'>cum</span> <span class='ocrx_word' id='word_1_168' title='bbox 896 2919 899 2924; x_wconf 63' lang='grc'><em>,</em></span> 
     </span>
     <span class='ocr_line' id='line_1_27' title="bbox 17 2931 855 3033; baseline 0.006 -23"><span class='ocrx_word' id='word_1_169' title='bbox 17 2941 23 2958; x_wconf 83' lang='lat'>&#39;</span> <span class='ocrx_word' id='word_1_170' title='bbox 90 2955 156 3023; x_wconf 89' lang='lat' dir='ltr'>Hic,</span> <span class='ocrx_word' id='word_1_171' title='bbox 172 2963 259 3028; x_wconf 84' lang='lat' dir='ltr'>atque</span> <span class='ocrx_word' id='word_1_172' title='bbox 271 2951 339 3010; x_wconf 83' lang='lat' dir='ltr'>ille?</span> <span class='ocrx_word' id='word_1_173' title='bbox 361 2950 469 3010; x_wconf 86' lang='lat' dir='ltr'>Avidus</span> <span class='ocrx_word' id='word_1_174' title='bbox 482 2951 609 3009; x_wconf 88' lang='lat' dir='ltr'>vicinum</span> <span class='ocrx_word' id='word_1_175' title='bbox 621 2931 707 3010; x_wconf 88' lang='lat' dir='ltr'>funus</span> <span class='ocrx_word' id='word_1_176' title='bbox 720 2964 754 3012; x_wconf 93' lang='lat' dir='ltr'>ut</span> <span class='ocrx_word' id='word_1_177' title='bbox 766 2975 855 3033; x_wconf 72' lang='lat' dir='ltr'>aegros</span> 
     </span>
     <span class='ocr_line' id='line_1_28' title="bbox 89 3053 808 3134; baseline 0.004 -21"><span class='ocrx_word' id='word_1_178' title='bbox 89 3055 252 3124; x_wconf 73' lang='lat' dir='ltr'>exanimat,</span> <span class='ocrx_word' id='word_1_179' title='bbox 267 3053 421 3129; x_wconf 77' lang='lat' dir='ltr'>&#39;mortisque</span> <span class='ocrx_word' id='word_1_180' title='bbox 434 3064 513 3111; x_wconf 90' lang='lat' dir='ltr'>metu</span> <span class='ocrx_word' id='word_1_181' title='bbox 526 3053 577 3110; x_wconf 90' lang='lat' dir='ltr'>fibi</span> <span class='ocrx_word' id='word_1_182' title='bbox 589 3073 707 3129; x_wconf 87' lang='lat' dir='ltr'>parcere·</span> <span class='ocrx_word' id='word_1_183' title='bbox 714 3057 808 3134; x_wconf 86' lang='lat' dir='ltr'>cogit:</span> 
     </span>
    </p>
   </div>
   <div class='ocr_carea' id='block_1_3' title="bbox 90 3154 733 3246">
    <p class='ocr_par' dir='ltr' id='par_1_3' title="bbox 90 3154 733 3246">
     <span class='ocr_line' id='line_1_29' title="bbox 90 3154 733 3246; baseline 0 -30"><span class='ocrx_word' id='word_1_184' title='bbox 90 3159 134 3222; x_wconf 85' lang='lat' dir='ltr'>Sic</span> <span class='ocrx_word' id='word_1_185' title='bbox 147 3169 259 3230; x_wconf 81' lang='lat' dir='ltr'>teneros</span> <span class='ocrx_word' id='word_1_186' title='bbox 273 3156 381 3218; x_wconf 84' lang='lat' dir='ltr'>animos</span> <span class='ocrx_word' id='word_1_187' title='bbox 395 3154 486 3214; x_wconf 85' lang='lat' dir='ltr'>aliena</span> <span class='ocrx_word' id='word_1_188' title='bbox 497 3155 646 3244; x_wconf 74' lang='lat' dir='ltr'>approbria</span> <span class='ocrx_word' id='word_1_189' title='bbox 661 3157 733 3246; x_wconf 80' lang='lat' dir='ltr'>saepe</span> 
     </span>
    </p>
   </div>
   <div class='ocr_carea' id='block_1_4' title="bbox 0 0 1126 3680">
    <p class='ocr_par' dir='ltr' id='par_1_4' title="bbox 0 0 1126 3680">
     <span class='ocr_line' id='line_1_30' title="bbox 0 0 1126 3680; baseline 0 5"><span class='ocrx_word' id='word_1_190' title='bbox 0 0 1126 3680; x_wconf 95' lang='lat' dir='ltr'> </span> 
     </span>
    </p>
   </div>
  </div>
 </body>
</html>
