2238 3686
171 186 209 237 88
294 203 296 210 ’
376 177 753 246 EPISTOLARUM,

169 303 288 364 Nullius
301 305 428 364 addidus
437 305 531 382 jurare
544 306 575 364 in
588 309 674 364 verba
684 300 820 380 magistri,

172 407 241 464 Quo
254 425 301 462 me
314 425 437 484 cumque
449 409 523 485 rapit
535 409 691 484 tempestas,
705 406 816 464 deferor
830 401 941 477 hospes.

171 509 260 567 Nunc
273 509 354 584 agilis
367 511 415 582 fio,
429 520 459 568 et
470 511 576 570 mersor
588 510 717 568 civilibus
730 507 823 577 undis,

170 611 295 670 Virtutis
307 631 381 670 verre
393 614 483 672 custos
494 613 657 690 rigidusque
670 611 793 670 satelles:

171 715 260 773 Nune
274 714 304 772 in
316 715 452 792 Aristippi
465 716 566 774 furtim
578 723 718 792 praecepta
731 713 849 781 relabor,

173 819 211 875 Et
223 817 296 874 mihi
307 837 358 889 res,
373 838 431 878 non
445 839 492 878 me
505 821 596 889 rebus,
610 816 779 896 subjungere
792 832 888 872 conor.

172 921 217 978 Ut
230 940 287 978 nox
301 921 395 997 longa,
410 921 512 997 quibus
525 920 664 978 mentitur
676 919 777 987 annea,
798 917 915 992 diesque

153 1019 155 1026 ’
173 1025 265 1090 Lenta
278 1023 390 1080 videtur
402 1043 473 1101 opus
486 1023 654 1081 debentibus
659 1047 668 1093 5
693 1032 727 1080 ut
739 1020 820 1097 piger
830 1037 921 1076 annus

173 1125 299 1202 Pupillis,
313 1146 384 1202 quos
395 1127 465 1184 dura
479 1125 583 1203 premit
596 1124 719 1182 custodia
733 1133 872 1180 matrmn:

174 1229 219 1286 Sic
238 1229 311 1286 mihi
332 1229 411 1286 tarda
431 1229 527 1286 fluunt
550 1227 719 1306 ingrataque
742 1237 879 1302 tempora,
910 1243 975 1300 quae

252 1331 331 1407 spem

176 1435 392 1511 Consiliumque
405 1444 551 1494 morantur
564 1433 666 1512 agendi
681 1432 810 1510 gnaviter
822 1432 862 1503 id,
875 1431 953 1507 quod

175 1539 274 1613 AEque
283 1537 452 1614 pauperibus
464 1537 583 1614 prodest,
597 1535 784 1612 locupletibus
796 1554 887 1610 aeque,

175 1640 274 1715 AEque
287 1640 449 1716 negledtum
461 1639 554 1716 pueris
568 1639 735 1714 senibusque
748 1637 872 1695 nocebit.

176 1744 280 1812 Restat,
305 1752 339 1800 ut
360 1743 404 1800 his
425 1761 479 1819 ego
496 1761 543 1800 me
561 1741 619 1819 ipse
636 1761 735 1818 regam
757 1741 885 1816 solerque
906 1741 964 1798 ele*

255 1844 371 1904 mentis:

175 1951 207 2007 N
208 1969 246 2006 on
256 1950 339 2026 poffis
352 1949 448 2008 oculos
461 1958 601 2025 qnantum
614 1951 784 2008 contendere
795 1951 937 2026 Lynceus,

175 2053 247 2112 Non
260 2061 356 2111 tamen
370 2053 475 2110 idcirco
488 2061 653 2112 contemnas
666 2051 759 2129 lippus
771 2051 894 2128 inungui
899 2076 909 2121 i

176 2156 250 2226 Nec,
264 2155 331 2230 quia
344 2155 470 2230 desperes
480 2154 578 2212 invicti
590 2158 718 2214 membra
732 2154 878 2231 Glyconis,
977 2217 979 2220 ,

176 2257 295 2314 Nodosd
313 2277 412 2334 corpus
425 2256 497 2314 nolis
510 2257 659 2332 prohibere
671 2257 813 2334 cheragrd.

176 2359 225 2416 Est
237 2360 361 2434 quddam
373 2359 485 2436 prodire
498 2368 589 2430 tenus,
603 2359 693 2417 sinon
705 2361 788 2417 datur
799 2360 883 2418 ultra.

176 2461 277 2518 Fervet
291 2461 407 2518 avaritil
420 2460 577 2536 miseroque
588 2461 720 2537 cupidine
732 2463 849 2538 pectus?

178 2564 250 2620 Sunt
263 2563 347 2618 verba
361 2571 390 2619 et
400 2583 490 2632 voces,
504 2562 606 2638 quibus
620 2563 697 2622 huuc
710 2563 798 2622 lenire
811 2564 939 2624 dolorem

177 2665 272 2738 Possn,
292 2672 322 2720 et
334 2683 470 2740 magnam
482 2664 574 2722 morbi
587 2666 727 2741 deponere
739 2677 858 2743 partem.

178 2767 284 2826 Laudis
297 2785 392 2824 amore
406 2771 516 2824 tumes?
538 2768 602 2826 sunt
616 2778 692 2826 certa
703 2767 823 2844 piacula,
838 2790 901 2847 quae
915 2779 947 2828 te

178 2871 236 2926 Ter
248 2889 318 2946 pure
330 2867 404 2926 letto
416 2879 549 2945 poterunt
562 2889 686 2929 recreare
699 2871 803 2929 libello.
1094 2893 1095 2954 q

180 2971 305 3042 Invidus,
319 2971 479 3043 iracundus,
491 2971 575 3044 iners,
588 2972 709 3044 vinosus,
722 2984 839 3045 amator,
1094 2995 1095 3052 j

1094 3059 1095 3092 l

1094 3125 1095 3156 l

180 3073 277 3135 Nemo
291 3073 360 3134 adeo
372 3075 447 3134 ferus
461 3075 508 3146 est,
523 3085 555 3132 ut
568 3094 626 3133 non
638 3076 784 3134 mitescere
796 3075 893 3155 poffit,
