2242 3680
402 269 493 326 LIB.
520 264 558 326 ll.
595 270 635 327 iv.

371 525 573 583 SATIRA
613 527 666 583 IV.

114 701 220 771 Uunn,
234 709 264 758 et
277 721 333 776 quo
347 703 463 760 Catius?
484 705 554 760 Non
565 704 603 760 est
615 703 687 760 mihi
699 712 809 778 tempus
821 705 917 763 aventi

115 803 224 860 Ponere
237 804 315 880 signa
328 805 407 862 novis
419 806 576 883 praeceptis,
589 805 683 881 qualia
696 806 812 864 vincant

115 907 306 983 Pythagoran,
319 908 468 984 Anytique
480 928 570 979 reum,
585 909 757 983 doctumque
771 908 897 967 Platona.

109 1009 266 1066 Peccatum
279 1011 378 1080 fateor,
393 1031 460 1068 cum
475 1020 503 1068 te
517 1012 554 1068 fic
563 1021 693 1086 tempore
706 1011 777 1068 laevo

114 1111 335 1187 Interpellarim:
358 1113 414 1182 sed,
429 1115 477 1170 des
489 1112 603 1170 veniam
615 1115 715 1183 bonus,
729 1132 786 1170 oro.

114 1214 203 1270 Quod
217 1215 238 1270 fi
251 1214 425 1272 interciderit
436 1215 489 1272 tibi
500 1234 576 1272 nunc
585 1215 700 1291 aliquid,
712 1224 819 1291 repetes
830 1235 898 1274 rnox
904 1241 912 1288 ς

114 1315 178 1374 Sive
191 1317 231 1373 est
244 1325 351 1374 naturae
363 1317 427 1387 hoc,
445 1317 501 1374 five
514 1319 588 1388 artis,
603 1318 691 1375 mirus
704 1328 834 1394 utroque.

114 1418 197 1475 Quin
211 1419 241 1476 id
254 1428 313 1476 erat
326 1439 410 1490 curae,
424 1439 481 1496 quo
493 1420 576 1496 pasto
589 1421 690 1478 cuncta
705 1431 844 1490 tenerem,

112 1521 224 1596 Utpote
236 1540 279 1578 res
293 1530 400 1592 tenues,
416 1521 496 1579 tenui
509 1521 635 1580 sannone
648 1524 781 1599 peractas.

112 1623 173 1680 Ede
186 1623 310 1682 hominis
322 1643 441 1693 nornen,
463 1625 593 1695 simulet,
606 1625 751 1682 Romanus
760 1644 796 1682 an
805 1625 911 1703 hospee

110 1725 175 1801 Ipsa
189 1745 301 1783 memor
313 1736 452 1802 praecepta
466 1747 566 1785 canam
573 1753 581 1798 3
603 1728 741 1786 celabitur
754 1739 843 1786 autor.

111 1829 213 1905 Longa
226 1829 327 1904 quibus
341 1829 425 1886 facies
439 1830 497 1887 ovis
511 1831 572 1900 erit,
587 1831 635 1887 illa
648 1825 801 1902 memento

107 1932 154 1988 Ut
167 1931 242 1988 succi
256 1931 387 2002 melioris,
401 1941 430 1988 et
443 1942 476 1990 ut
490 1933 580 2008 magis
594 1933 667 1990 alma
681 1934 817 2004 rotundis,

109 2036 231 2093 Ponere:
253 2053 376 2110 namque
388 2024 496 2092 marem
509 2034 643 2091 cohibent
657 2035 758 2093 callosa
769 2037 907 2096 vitellum

103 2138 181 2194 =Cole
193 2137 362 2205 suburban0,
380 2137 429 2211 qui
443 2136 519 2193 siccis
533 2137 623 2194 crevit
636 2136 667 2193 in
680 2138 753 2214 agris

108 2239 229 2297 Dulcior
234 2265 242 2309 5
263 2239 369 2315 irriguo
383 2238 455 2295 nihil
468 2239 507 2294 est
520 2238 625 2296 elutius
639 2239 731 2297 horto,

101 2342 136 2404 si
150 2342 323 2417 vespertinus
337 2341 430 2399 subito
444 2350 472 2397 te
485 2341 646 2417 oppresserit
659 2341 766 2417 hospes,

106 2445 155 2502 Ne
169 2444 274 2521 gallina
288 2431 397 2502 malum
410 2444 550 2519 responset
563 2445 632 2500 dura
645 2444 748 2519 palat0,

106 2547 216 2606 Doctus
229 2546 283 2604 eris
294 2546 389 2604 vivam
402 2545 493 2602 musto
507 2545 626 2602 mersare
639 2546 774 2615 Falern03

104 2651 172 2707 Hoc
185 2660 312 2706 teneram
325 2648 419 2706 faciet.
459 2648 635 2704 Pratenfibus
647 2649 755 2724 optima
768 2652 865 2728 fungis

105 2753 219 2810 Natura
233 2752 288 2808 est:
311 2749 372 2807 aliis
385 2749 459 2806 male
472 2748 603 2806 creditur.
644 2749 697 2807 Ille
709 2751 830 2810 salubres

104 2855 231 2912 AEstates
244 2863 368 2930 peraget,
391 2852 440 2927 qui
454 2851 541 2927 nign's
553 2851 671 2927 prandia
684 2853 771 2910 moris

104 2957 208 3027 Finiet,
223 2966 290 3013 ante
301 2974 416 3032 gravem
428 2973 491 3035 quae
505 2953 606 3029 legerit
619 2955 716 3011 arbore
728 2955 823 3012 solem

100 3059 239 3119 Aufidius
253 3057 321 3115 sorti
333 3057 468 3115 miscebat
481 3056 566 3112 mella
580 3055 711 3112 Falerno:

97 3161 242 3221 Mendose
248 3177 266 3231 ρ’
279 3160 415 3235 quoniam
427 3157 523 3216 vacuis
536 3157 714 3216 committere
726 3160 816 3218 venia·

132 3285 209 3327 VOL.
226 3285 262 3321 11.
501 3278 524 3316 F
