2242 3680
193 222 232 276 14
425 214 742 288 SERMONUM,

192 341 352 418 Simplicior
363 343 426 420 quis
438 353 467 401 et
480 345 528 416 est,
548 345 663 420 qualern
675 362 723 402 me
735 344 807 420 saepe
820 343 944 404 libenter

190 444 354 504 Obtulerim
367 445 429 516 tibi,
449 447 606 518 Maecenas3
628 455 662 504 ut
674 446 749 504 sorte
758 447 913 522 legentem,

191 547 255 603 Aut
268 547 397 618 tacitum,
410 548 538 624 impellat
550 547 648 624 quovis
661 548 798 618 sermone,
812 549 960 606 molestus:

192 649 348 708 Communi
360 650 441 708 sensu
453 651 537 726 plane
551 659 636 722 caret,
648 649 803 725 inquimus.
842 650 936 721 Eheu,

193 751 292 809 Quam
305 761 411 810 temere
422 751 454 808 in
466 762 576 810 nosmet
589 752 684 830 legem
694 751 834 810 sancimus
846 753 992 828 iniquam!

191 855 271 913 Nam
284 855 359 912 vitiis
370 875 454 913 nemo
468 855 526 912 sinc
539 855 676 914 nascitur:
698 855 823 932 optimus
835 856 884 914 ille
897 858 946 928 cst,

193 957 254 1014 Qui
266 957 393 1016 minimis
405 966 551 1035 urguetur.
584 957 704 1016 Amicus
717 958 816 1030 dulcis,
831 969 864 1016 ut
877 979 995 1036 aequum

267 1060 314 1130 est,

167 1222 172 1232 ,
190 1163 267 1221 Cum
280 1181 343 1220 mea
354 1163 516 1239 compenset
529 1163 604 1221 vitiis
619 1166 700 1236 bona,
714 1165 842 1241 pluribus
856 1165 937 1224 hisce'

192 1264 234 1340 (Si
245 1265 330 1322 modo
342 1265 423 1341 plura
436 1265 509 1324 mihi
522 1268 597 1324 bona
610 1267 688 1340 sunt)
704 1267 839 1325 inclinet:
862 1268 952 1328 amari

191 1367 220 1424 Si
233 1367 308 1424 volet
319 1367 372 1425 hac
385 1369 457 1446 lege,
470 1367 502 1426 in
515 1367 621 1426 trutind
634 1379 755 1444 ponetur
765 1370 873 1427 eddcm.

191 1470 253 1528 Qui
267 1489 304 1528 ne
316 1470 460 1528 tuberibus
471 1469 589 1547 propriis
601 1469 728 1528 offendat
741 1471 866 1530 amicum

191 1573 321 1644 Postulat,
333 1572 460 1649 ignoscet
470 1571 591 1630 verrucis
603 1572 693 1630 illius:
715 1593 828 1648 acquum
843 1575 890 1644 est,

190 1674 313 1733 Peccatis
327 1674 439 1734 veniam
451 1673 614 1750 poscentem
624 1677 738 1732 reddere
751 1676 852 1734 rursus.

190 1777 331 1852 Denique,
342 1785 481 1853 quatenus
493 1776 586 1834 excidi
596 1776 708 1853 penitus
721 1777 824 1836 vitium
834 1778 893 1850 irae‚

190 1880 301 1938 Caetera
313 1879 384 1942 item
397 1889 542 1954 nequeunt
555 1878 644 1936 stultis
656 1878 792 1937 haerentia
803 1905 812 1950 3
837 1900 888 1938 cur
899 1901 960 1940 non

190 1981 361 2058 Ponderibus
375 1981 552 2056 modulisque
565 1980 620 2037 suis
633 1980 704 2038 ratio
717 1981 824 2038 utitur?
845 1985 879 2040 a'c
892 2003 936 2042 res
981 2015 989 2032 2

190 2087 233 2144 Ut
246 2103 365 2169 quasque
377 2084 425 2155 est,
446 2083 486 2140 ita
500 2081 642 2158 suppliciis
655 2081 756 2140 delista
769 2084 894 2142 coc'rcet?

190 2187 219 2246 Si
233 2188 372 2264 quiscum
385 2187 502 2256 servum,
519 2185 647 2262 patinam
661 2185 710 2260 qui
724 2186 822 2244 tollere
830 2185 930 2262 juffus,
979 2257 981 2260 Ι

190 2290 313 2348 Semesos
323 2289 411 2366 pisces
421 2287 605 2364 tepidumque
616 2287 769 2364 ligurrierit
775 2287 831 2365 jus,

191 2395 226 2450 In
239 2412 320 2450 cruce
332 2392 446 2468 suffigat
453 2416 461 2461 5
480 2391 611 2448 Labeone
624 2389 746 2448 insanior
758 2390 833 2450 inter

190 2497 276 2554 Sanos
287 2494 403 2552 dicatur.
425 2493 543 2550 Quanto
556 2492 611 2550 hoc
623 2492 753 2550 finiofius
766 2503 851 2569 atquc

190 2596 285 2674 Majus
297 2595 512 2674 peccatumest?
546 2595 667 2652 Paulum
677 2595 797 2671 deliquit
806 2576 927 2670 ainicus3

192 2699 355 2781 (Quodnisi
366 2697 510 2772 concedas!
532 2697 651 2755 habeare
663 2696 798 2773 insuavis)
813 2703 929 2760 acerbus

191 2802 291 2873 Odisti,
303 2811 332 2859 et
345 2800 429 2878 sugis,
448 2809 481 2857 ut
494 2799 636 2858 Rusonem
647 2799 758 2858 debitor
771 2801 849 2860 aeris?

192 2906 262 2976 nui,
276 2905 328 2962 nisi
341 2923 408 2962 curn
420 2901 508 2960 tristes
520 2902 621 2960 misero
634 2919 734 2960 venere
746 2902 890 2978 Calendae,

190 3008 354 3080 Mercedem
366 3015 416 3066 aut
427 3025 558 3064 nummos
568 3007 644 3064 unde
654 3007 729 3066 unde
739 3008 866 3080 extricat,
878 3027 994 3072 amaras.

127 3173 134 3180 ,
192 3111 318 3170 Porresto
326 3108 428 3188 jugulo
440 3108 715 3197 historias-captivus
725 3119 767 3182 ut,
779 3111 866 3170 audit.
981 3132 984 3138 ’
