2242 3680
170 193 210 256 6'4
422 197 735 266 SERMONUM,

171 321 260 378 Gnati
272 321 402 395 infelicis,
416 326 466 383 fibi
479 336 541 384 turn
555 325 659 382 furiosa
673 325 802 382 videtur?

171 425 297 482 Stultum
310 447 357 484 me
368 429 460 486 fatcor
474 429 571 504 (liceat
583 428 737 485 concedere
748 425 832 496 veris)

169 529 268 603 Atque
277 529 364 588 etiarn
375 531 506 590 insanum
512 541 650 602 arantum
660 531 715 586 hoc
723 528 847 596 edissere,
857 547 914 602 quo
926 547 976 584 nae

169 631 323 707 AEgrotare
335 644 418 709 putes
431 635 518 692 animi
533 634 619 690 vitio?
642 632 764 707 Accipe3
785 631 912 706 primurn
947 641 949 646 ’

169 733 318 805 AEdificas,
335 737 390 793 hoc
402 739 450 808 est,
465 738 564 812 longos
578 735 705 804 imitaris,
720 737 756 792 ab
768 735 827 791 imo

167 837 216 894 Ad
230 837 375 897 summurn
388 852 463 896 totus
476 839 585 896 moduli
601 838 734 914 bipedalis
742 863 750 907 3
773 851 802 894 et
814 837 902 907 idern,

167 940 293 1016 Corpore
305 941 451 1018 majorem,
463 941 536 998 rides
548 941 691 998 Turbonis
704 941 734 997 in
746 940 831 998 armis

166 1043 310 1117 Spiritum,
324 1055 354 1100 et
366 1044 515 1101 inccffum:
537 1044 587 1120 qui
599 1043 733 1100 ridiculus
746 1044 841 1100 minus
854 1043 922 1100 illo?
990 1117 991 1124 ἵ

166 1148 215 1201 An
229 1147 419 1222 quodcunque
436 1147 506 1203 facit
519 1148 670 1218 Maecenas,
692 1157 721 1204 te
739 1166 853 1222 quoque
866 1165 968 1204 verum

243 1249 291 1319 est,

163 1353 292 1408 Tantum
305 1352 475 1421 diffimilem,
490 1363 519 1408 et
533 1361 613 1408 tanto
626 1361 732 1408 certare
745 1351 904 1408 minorem?

162 1454 297 1511 Absentis
310 1474 385 1512 ranae
398 1455 482 1531 pullis
493 1455 576 1511 vituli
590 1455 662 1530 pede
674 1455 778 1530 preffis,

163 1558 248 1614 Unus
260 1557 310 1614 ubi
324 1558 435 1633 effugit,
449 1558 534 1614 matri
547 1559 685 1626 denarrat,
700 1567 734 1615 ut
747 1557 848 1634 ingens

161 1659 249 1715 Belua
262 1671 396 1735 cognatos
410 1659 525 1716 eliserit:
548 1660 597 1716 illa
611 1679 718 1735 rogare,
733 1683 736 1690 ·

139 1745 143 1749 ’
163 1762 333 1818 Quartana?
348 1780 419 1817 num
428 1769 551 1832 tantum,
563 1762 677 1819 sufflans
686 1762 722 1833 se,
732 1781 837 1838 magna
848 1763 961 1820 fuisset?

160 1862 255 1939 Major
268 1863 396 1920 dimidio
429 1865 513 1920 Num
526 1867 657 1921 tanturn?
679 1866 757 1922 Cum
770 1865 860 1940 magis
876 1877 962 1942 atque

161 1967 195 2022 Se
209 1966 300 2042 magis
312 1965 438 2036 inflaret5
463 1967 539 2036 Non,
553 1967 572 2022 fi
588 1967 743 2042 temperis,
757 1967 861 2043 inquit,

159 2071 212 2126 Par
224 2070 287 2126 eris.
327 2070 399 2126 Haec
413 2089 428 2125 a
442 2081 471 2126 te
484 2089 541 2126 non
552 2070 678 2126 multum
692 2071 801 2128 abludit
813 2071 919 2148 imago.

159 2173 244 2229 Adde
256 2173 385 2248 poEmata
399 2191 475 2228 nunc
481 2197 489 2242 5
511 2172 566 2228 hoe
577 2172 624 2242 est,
639 2173 735 2229 oleum
746 2175 818 2230 adde
828 2175 956 2233 camino:

158 2275 235 2332 Quae
249 2275 269 2331 sr
283 2275 345 2350 quis
358 2275 440 2332 sanus
452 2273 531 2344 fecit,
545 2274 627 2332 sanus
638 2275 707 2332 facis
719 2285 749 2332 et
763 2286 803 2333 tn.

157 2377 228 2434 Non
242 2376 305 2434 dico
318 2376 488 2434 horrendam
501 2375 617 2433 rabiem.
637 2377 815 2452 Jamdefine.
837 2381 961 2446 Cultum¹
990 2367 995 2376 ⁸

105 2481 107 2488 ’
157 2477 299 2554 Majorem
312 2479 406 2536 censu.
427 2481 546 2549 Teneas,
574 2479 753 2556 Damasrppc,
769 2483 825 2541 tuis
839 2495 876 2541 te.

157 2581 241 2638 Mille
253 2581 420 2656 puellarum,
435 2600 588 2656 puerorum
600 2582 679 2640 m'dle
691 2583 806 2642 furores.

154 2684 185 2742 Ο
198 2683 287 2760 major
300 2684 416 2744 tandem
427 2703 532 2758 parcaS,
547 2683 652 2755 insane,
666 2685 776 2744 minori.
