2238 3686
445 216 538 276 LIB.
563 217 588 275 Ι.
628 219 685 277 xiv.
904 222 958 272 ris

152 343 218 402 Nec
230 343 325 402 vicina
339 343 432 402 subest
444 344 544 402 vinum
556 347 681 421 praebere
695 346 811 401 taberna

151 447 231 505 Ouae
245 447 328 522 poffit
342 447 394 506 tibi
399 471 407 516 5
432 466 484 504 nee
497 447 633 506 meretrix
647 445 772 516 tibicina,
787 443 865 522 cujus

150 550 202 607 Ad
216 549 362 625 strepitum
375 549 455 608 salias
469 558 551 606 terrae
572 549 681 626 gravis:
700 559 729 606 et
744 559 840 606 tamen
852 567 954 624 urgues

150 651 330 729 Jampridem
343 672 401 709 non
415 653 488 710 taeta
501 652 644 729 ligonibus
659 671 733 722 arva,
748 654 906 728 bovemque

150 753 334 830 Disjunctum
347 775 435 826 curas,
450 765 482 812 et
493 755 591 812 strictis
605 754 751 812 frondibus
764 754 873 830 exples:

150 855 245 916 Addit
257 877 327 933 opus
339 857 421 933 pigro
435 857 519 928 rivus,
534 858 554 914 s1
567 857 674 914 decidit
686 857 787 928 imber,

150 960 251 1018 Multa
263 961 339 1018 mole
352 961 494 1018 docendus
506 959 601 1036 aprico
614 979 728 1036 parcere
740 967 830 1036 prato.

148 1063 249 1133 Nunc,
264 1082 325 1139 age,
339 1063 409 1138 quid
423 1063 548 1120 nostrum
561 1071 732 1120 concentum
745 1061 862 1130 dividat,
877 1062 951 1118 audi.

149 1166 251 1223 Quem
264 1174 361 1222 tenues
375 1166 494 1222 decuere
507 1174 582 1241 to'gae
592 1164 733 1240 nitidique
745 1163 849 1240 capilli,

148 1268 252 1326 Quem
264 1267 315 1326 scis
327 1267 487 1326 immunem
500 1267 612 1324 Cinarae
624 1267 756 1343 placuiffe
770 1268 872 1343 rapaci,

151 1371 250 1428 Quem
263 1369 394 1430 bibulum
406 1370 508 1445 liquidi
521 1369 615 1428 medii
629 1373 665 1428 de
677 1371 740 1426 luce
752 1369 872 1439 Falerni,

145 1475 242 1532 Coena
249 1473 340 1532 brevis
346 1472 436 1550 juvat,
448 1482 478 1530 et
488 1491 575 1548 prope
582 1471 676 1532 rivum
684 1472 797 1529 somnus
807 1471 839 1530 in
847 1472 948 1544 herba,

149 1577 216 1636 Nec
228 1577 318 1635 lufille
331 1577 427 1651 pudet,
442 1577 490 1633 sed
503 1595 561 1634 non
573 1574 698 1632 incidere
710 1574 821 1632 ludum.

147 1681 182 1738 N
183 1699 221 1737 on
233 1679 293 1738 istic
306 1679 422 1755 obliquo
434 1679 517 1736 ocrrlo
529 1697 593 1736 mea
606 1677 755 1736 commoda
768 1676 917 1752 quisquam

149 1782 260 1852 Lirnat3
282 1801 341 1840 non
353 1781 418 1840 odio
430 1781 556 1851 obscuro,
570 1781 721 1857 morsuque
731 1789 866 1838 venenat:

148 1886 256 1944 Rident
268 1885 354 1942 vicini
368 1885 463 1962 glebas
476 1895 505 1942 et
518 1884 584 1942 saxa
597 1893 768 1940 moventem.

41 2055 43 2058 ,
146 1991 228 2047 Cum
239 1988 323 2046 servis
336 1989 442 2046 urbana
455 1987 544 2045 diaria
556 1988 654 2044 rodere
666 1986 769 2056 mavis3

146 2093 262 2150 Horum
275 2091 348 2148 tuin
362 2109 514 2147 numerum
525 2097 592 2146 voto
605 2088 675 2145 ruis:
698 2088 808 2145 invidet
821 2087 903 2145 usum

147 2195 316 2271 Lignorum,
334 2199 364 2251 et
376 2192 492 2269 pecoris,
512 2191 565 2248 tibi
578 2191 639 2248 calo
653 2199 778 2266 argutus,
792 2200 821 2247 et
834 2190 918 2248 horti.

143 2298 239 2374 Optat
250 2295 382 2373 ephippia
396 2298 445 2354 bos
457 2293 551 2370 piger3
573 2302 653 2370 optat
666 2312 743 2351 arare
755 2294 893 2350 caballus:

146 2402 246 2458 Quam
264 2399 316 2456 scit
332 2403 461 2474 uterque,
483 2396 582 2466 libens,
604 2395 732 2467 censebo,
754 2405 883 2454 exerceat
901 2415 943 2454 ar-

222 2511 290 2561 tem.
