2242 3680
403 317 406 324 ·
445 277 535 340 LIB.
563 281 602 338 ΙΙ.
642 271 661 337 i.
912 277 949 334 45

154 407 340 485 Quemquam
350 407 533 479 animantem,
545 416 574 465 et
584 427 631 464 me
638 404 727 464 veluti
736 403 872 461 custodiet
880 403 952 462 ensis

151 511 266 587 Vaginil
278 513 379 580 tedas,
402 529 487 585 quem
500 529 550 567 cur
563 509 731 584 destringere
746 526 839 578 coner,

150 593 246 669 Tutus
258 615 294 670 ab
307 612 413 669 infestis
424 611 596 670 latronibus?
618 611 645 669 Ο
658 619 779 686 pateret
792 629 850 678 rex,

150 715 272 790 Jupiter,
293 725 326 771 ut
338 724 433 791 pereat
445 716 568 791 posrtuni
578 715 708 790 rubigine
721 715 820 783 telum,

150 818 215 873 Nec
226 817 375 892 quisquam
387 827 487 874 noceat
499 817 602 892 cupido
615 817 687 874 mihi
699 817 788 893 pacis!
811 824 840 874 at
852 815 909 887 ille,

152 918 214 976 Qui
227 939 274 976 me
288 919 444 989 commdrit,
459 919 564 976 Melius
578 938 635 975 non
648 920 780 994 tangere!
802 919 907 989 clam03

150 1020 253 1090 Flebit,
268 1031 296 1076 et
308 1021 424 1098 insignis
437 1021 497 1078 tota
510 1021 671 1078 cantabitur
682 1023 760 1078 urbe.

151 1121 269 1180 Cervius
282 1123 369 1180 iratus
380 1124 456 1199 leges
469 1123 627 1192 minitatur,
641 1133 669 1180 et
682 1141 796 1180 urnam:

150 1224 272 1282 Canidia
286 1225 397 1293 Albuti,
416 1225 518 1299 quibus
531 1226 570 1282 est
582 1225 707 1296 inimica,
721 1245 876 1283 venenum:

150 1321 265 1385 Grande
279 1329 386 1384 malum
399 1327 512 1397 Turius,
526 1328 546 1384 fi
560 1327 629 1402 quid
642 1328 670 1384 se
678 1325 775 1403 judice
787 1338 883 1386 certes.

150 1432 201 1501 Ut,
216 1449 273 1506 quo
287 1430 404 1505 quisque
416 1430 499 1501 valet,
512 1429 651 1504 suspettos
664 1437 775 1500 terreat,
787 1439 877 1505 utque
907 1437 909 1442 “

150 1511 273 1608 imperet
286 1522 339 1588 hoc
353 1542 451 1590 natura
465 1541 577 1608 potens3
601 1532 637 1587 fic
650 1531 753 1606 collige
765 1547 892 1589 mecum:

149 1635 244 1692 Dente
256 1636 347 1711 lupus,
362 1653 450 1692 cornu
462 1644 557 1690 taurus
568 1633 654 1708 petit;
675 1635 760 1703 unde,
774 1633 826 1690 nifi
839 1635 915 1692 intus

149 1739 355 1797 Monstratum?
378 1739 478 1794 Scaevae
491 1730 618 1794 vivacem
631 1737 713 1793 crede
724 1737 820 1812 nepoti

149 1842 286 1898 Matrem:
310 1840 363 1896 Nil
375 1839 460 1896 faciet
473 1838 580 1896 sceleris
592 1837 638 1912 pia
652 1841 766 1895 dextera
781 1839 912 1914 (minume

149 1943 191 2000 Ut
204 1961 298 2019 neque
311 1942 387 1999 calce
400 1941 482 2016 lupus
501 1958 682 2016 quemquam,
698 1959 789 2016 neque
800 1943 884 2000 dente
896 1963 945 2020 pe-

226 2045 262 2102 tit
278 2045 340 2116 bos)
804 2117 808 2122 ,

149 2148 201 2206 Sed
213 2149 289 2204 mala
303 2148 383 2204 tollet
396 2167 483 2204 anum
496 2147 595 2204 vitiato
608 2147 692 2204 melle
705 2147 806 2206 cicuta.

147 2252 177 2308 N
179 2271 194 2308 e
207 2251 327 2326 longum
340 2249 442 2306 faciam
447 2275 455 2320 3
481 2250 530 2306 seu
542 2268 589 2306 me
603 2250 754 2325 tranquilla
767 2250 893 2308 senectus
914 2313 917 2320 ,

147 2355 305 2430 Exspectat,
326 2353 375 2410 seu
388 2371 462 2409 mors
476 2352 542 2408 atris
554 2351 737 2409 circumvolat
751 2352 814 2423 alis;

147 2455 241 2525 DiveS,
255 2455 335 2529 inops
342 2479 350 2524 3
373 2452 480 2524 Romae,
492 2454 549 2522 seu,
564 2453 620 2510 fors
634 2454 673 2510 ita
683 2452 800 2528 jufferit,
815 2456 908 2528 exsul;
941 2455 943 2466 '

142 2555 284 2632 'Quisquis
297 2555 350 2613 erit
362 2556 437 2626 vitae,
451 2555 578 2626 scribam,
592 2555 676 2612 color.
710 2555 738 2612 O
750 2576 829 2633 puer,
843 2567 875 2614 ut
888 2559 923 2616 s1s

145 2661 256 2730 Vitalis,
271 2667 367 2716 metuo
373 2683 381 2728 ;
403 2669 432 2716 et
445 2656 583 2734 majorum
596 2657 706 2732 nequis
719 2658 825 2716 amicus

146 2764 261 2840 Frigore
275 2771 303 2818 te
317 2760 408 2818 feriat.
449 2759 548 2818 Quid?
567 2779 635 2818 cum
646 2759 684 2816 est
695 2761 819 2818 Lucilius
830 2762 911 2820 ausus

147 2865 255 2922 Primus
268 2863 299 2920 in
313 2864 389 2920 hunc
402 2861 491 2938 operis
505 2881 672 2938 componere
685 2863 808 2920 carmina
821 2883 940 2938 morem,

146 2967 301 3025 Detrahere
314 2976 342 3022 et
354 2965 466 3040 pellem,
481 2965 585 3021 nitidus
599 2964 654 3039 qua
668 2965 785 3040 quisque
797 2971 847 3040 per
859 2987 907 3026 ora
935 2959 943 2990 “·

146 3071 275 3139 Cederet,
288 3069 441 3126 introrsum
454 3067 542 3144 turpis
549 3091 557 3135 3
578 3085 649 3122 num
660 3066 771 3138 Laeuus,
790 3070 879 3144 etqui
937 3081 940 3098 ¹

147 3173 238 3230 Duxit
249 3174 285 3230 ab
298 3170 423 3247 oppressa
433 3169 564 3229 meritum
580 3167 753 3246 Carthagine
765 3189 879 3245 nomen,
937 3207 939 3212 -
