2238 3686
188 213 243 277 raa
394 183 768 280 uarsro'uauum,

186 334 331 410 Asperitas
343 339 465 413 agrestis,
479 349 508 398 et
521 339 700 410 inconcinna,
713 337 870 416 gravisque,

186 436 262 494 Quae
274 437 303 496 se
315 442 497 499 commendat
509 441 590 500 tonsa
602 451 676 510 cute,
691 439 823 500 dentibus
833 437 899 496 atris
903 461 912 507 ;

183 538 263 618 Dum
276 541 336 598 vult
349 542 463 602 libertas
475 544 532 602 dici
544 563 630 614 mera,
642 562 763 619 veraque
775 541 873 598 virtus.

182 641 280 699 Virtus
293 644 332 702 est
345 645 472 702 medium
483 646 617 704 vitiorum
629 655 660 704 et
668 644 801 720 utrinque
814 642 977 700 reductum:

182 743 274 816 Alter,
285 744 317 802 in
330 747 497 822 obsequium
508 749 572 823 plus
584 767 665 824 aequo
678 766 791 822 pronus,
802 755 833 804 et
845 744 897 802 imi
963 799 966 808 ,

182 846 296 904 Derisor
308 847 383 920 loeti,
396 850 432 906 fic
445 859 550 908 nutum
563 849 657 908 divitis
670 850 775 920 horret,

181 948 226 1006 Sic
238 949 320 1008 iterat
333 971 424 1022 voces,
438 963 467 1009 et
480 954 565 1010 verba
578 951 708 1010 cadentia
722 951 806 1020 tollit,

180 1053 223 1109 Ut
235 1071 356 1128 puerum
369 1055 441 1110 saevo
454 1055 550 1112 credas
563 1054 668 1112 (iidata
681 1053 814 1130 magistro

180 1155 316 1225 Reddere,
329 1156 374 1213 vel
385 1165 476 1231 partes
489 1156 611 1214 mimum
624 1156 743 1214 mactare
756 1134 898 1212 secundas.

178 1257 262 1314 Alter
274 1257 383 1316 rixatur
394 1259 430 1316 de
443 1258 508 1316 land
520 1259 593 1334 saepe
606 1258 729 1334 caprina,
743 1269 773 1316 ct

179 1361 341 1438 Propugnat
354 1360 437 1436 nugis
451 1369 592 1431 armatus,
613 1360 728 1430 scilicet,
742 1371 775 1418 ut
789 1379 846 1417 non

178 1462 220 1519 Sit
233 1463 306 1520 mihi
318 1463 410 1540 prima
424 1463 509 1520 fides?
531 1472 569 1532 ct,
583 1481 648 1520 vere
660 1463 736 1537 quod
755 1463 857 1538 placet,
871 1471 974 1522 utnon

177 1566 291 1624 Acriter
307 1567 441 1625 elatrem?
462 1565 585 1641 pretium
598 1575 665 1622 aetas
678 1565 765 1622 altera
778 1565 878 1622 sordet.

176 1668 344 1745 Ambigitur
362 1667 431 1744 quid
451 1666 545 1724 enim?
568 1667 665 1724 Castor
682 1666 759 1737 sciat,
782 1687 819 1723 an
839 1667 975 1726 Dolichos

253 1771 330 1847 plus,

175 1873 364 1931 Brundusium
378 1872 490 1930 Minuci
501 1873 601 1930 melius
615 1873 660 1932 via
673 1875 768 1945 ducat,
782 1894 819 1931 an
832 1876 920 1952 Appi.

177 1977 274 2034 Quem
287 1974 419 2034 damnosa
432 1976 538 2045 Venus,
558 1995 643 2051 quem
657 1995 780 2052 praeceps
794 1978 854 2036 alea
867 1979 971 2046 nudat,

174 2081 270 2138 Gloria
283 2099 368 2156 quem
381 2079 462 2155 supra
475 2078 547 2136 vires
560 2087 589 2136 et
601 2078 691 2149 vestit,
705 2089 735 2137 et
747 2080 852 2158 unguit
859 2105 868 2151 3

175 2183 272 2240 Quem
285 2192 363 2240 tenet
377 2181 486 2258 argenti
500 2181 556 2238 srtis
568 2180 739 2258 importuna,
754 2182 914 2258 famesque,

61 2349 63 2356 ,
173 2287 271 2344 Quem
283 2283 454 2361 paupertatis
463 2284 563 2362 pudor,
577 2293 606 2340 et
618 2283 702 2362 fuga;
724 2284 801 2342 dives
814 2284 931 2356 amicus,

172 2385 251 2464 Saepe
263 2389 360 2446 decem
374 2385 452 2444 vitiis
463 2383 628 2455 instructior,
642 2385 704 2442 odit
716 2396 746 2444 et
756 2386 865 2445 horret:

173 2494 242 2560 Aut,
257 2490 277 2546 sr
291 2509 348 2546 non
361 2489 430 2558 odit,
444 2487 534 2565 regit:
557 2506 598 2558 ac,
612 2487 699 2546 veluti
712 2487 759 2565 pia
769 2489 886 2560 mater,'

171 2594 235 2651 Plus
248 2611 334 2668 quam
348 2591 376 2647 se
386 2591 489 2666 sapere,
503 2598 532 2646 et
544 2588 695 2648 virtutibus
709 2589 763 2648 effe
773 2591 897 2667 priorem
926 2595 930 2604 '

170 2696 258 2765 Vult;
280 2704 310 2752 et
322 2693 365 2750 ait·
373 2711 459 2769 prope
470 2710 551 2748 vera:
574 2691 651 2748 Meae
667 2695 849 2768 (contendere
863 2695 935 2769 noli)

169 2797 324 2856 stultitiam
336 2794 482 2872 patiuntur
494 2813 560 2870 opes
567 2818 576 2864 3
598 2793 651 2851 tibi
663 2795 780 2870 parvula
792 2815 835 2854 res
847 2797 904 2854 cst:

169 2901 257 2959 Arcta
268 2900 348 2957 decet
361 2897 460 2956 sanum
473 2894 607 2954 comitem
621 2904 703 2974 toga3
726 2897 818 2955 desine
832 2918 946 2958 mecum

168 3003 291 3060 Certare.
331 2999 507 3076 Eutrapelus,
525 2997 684 3074 cuicunque
697 3018 797 3058 nocere
811 3002 933 3074 volebat,

169 3105 342 3162 Vestimenta
355 3105 440 3164 dabat
452 3101 588 3182 pretiosa:
611 3104 708 3160 beatus
718 3103 796 3162 enim
804 3104 864 3182 jam
