2238 3686
132 323 135 342 ,
182 256 238 326 raa
381 249 757 318 scissurarum,

180 377 312 454 Dignum
325 379 460 452 praestabo
471 398 518 436 me
531 377 618 436 etiam
629 397 680 454 pro
693 377 776 435 laude
790 373 935 432 merentis.

73 503 74 508 ยน
182 480 272 536 Quod
282 480 303 536 fi
314 499 360 537 me
374 481 451 537 noles
462 481 582 556 usquam
594 480 744 547 discedere,
759 479 858 536 reddes

182 582 266 638 Forte
279 582 362 652 latus,
376 583 471 659 nigros
484 583 601 659 angusth
614 583 709 640 fronte
721 579 836 658 capillos
843 605 853 652 5

182 684 293 741 Rcddes
306 684 388 741 dulce
401 684 479 759 loqui
485 710 493 754 3
515 686 614 742 reddes
627 685 718 742 ridere
731 685 875 752 decorum,
891 690 922 738 et

183 787 263 843 Inter
277 786 341 844 vina
354 787 455 863 fugam
469 787 590 863 Cynarae
603 807 722 844 moerere
735 795 881 862 protervae.

183 890 266 946 Forte
279 907 329 965 per
342 891 489 966 angustam
504 890 596 948 tenuis
609 889 735 947 nitedula
748 888 853 946 rimam

183 992 317 1066 Repserat
330 992 361 1048 in
375 1009 519 1050 cumeram
533 991 684 1062 frumenti3
710 992 843 1067 pastaque
857 990 955 1048 rursus

182 1096 227 1151 Ire
241 1095 314 1151 foras
328 1095 413 1170 pleno
427 1095 560 1152 tendebat
572 1114 688 1171 corpore
701 1095 811 1152 frustra.

182 1197 239 1255 Cui
252 1197 368 1254 mustela
381 1197 494 1273 procul:
518 1197 546 1254 Si
559 1198 609 1268 vis,
624 1197 673 1267 ait,
687 1197 815 1274 effugere
828 1196 919 1265 istinc,
1112 1259 1113 1266 p

183 1301 283 1357 Macra
298 1319 400 1358 cavum
413 1310 521 1376 repetes
534 1301 652 1369 arctum,
674 1319 761 1375 quem
774 1319 869 1358 macra
882 1297 989 1368 subisti.
1112 1291 1113 1294 '

182 1403 248 1460 Hac
260 1423 314 1480 ego
327 1403 348 1460 sr
364 1403 517 1480 compellor
530 1402 665 1479 imagine,
679 1403 781 1460 cuneta
794 1403 923 1479 refigno:

183 1506 248 1563 Nec
262 1506 393 1563 somnum
406 1505 495 1581 plebis
508 1506 593 1562 laudo
607 1505 683 1562 satur
696 1505 829 1576 altilium,
843 1525 898 1564 nec

183 1608 252 1666 Otia
265 1609 371 1666 divitiis
384 1610 515 1666 Arabum
528 1608 672 1666 liberrima
685 1617 776 1666 muto.

183 1713 263 1786 Saepe
274 1712 467 1768 verecundum
479 1711 614 1780 laudasti3
635 1731 752 1787 rexque,
766 1720 913 1788 paterque,
1112 1745 1113 1818 p

183 1814 296 1872 Audisti
310 1833 425 1882 coram3.
442 1832 494 1870 nec
507 1816 592 1871 verbo
604 1813 714 1889 parcius
728 1813 844 1872 absens:

183 1917 304 1993 Inspice,
317 1917 337 1974 sr
349 1916 458 1992 possum
470 1917 574 1974 donata
587 1935 722 1992 reponere
735 1917 825 1975 laetus.

183 2018 272 2078 Haud
285 2019 359 2078 male
371 2020 568 2089 Telemachus,
582 2021 673 2094 proles
686 2019 818 2096 sapientis
831 2020 947 2078 Ulixei:

184 2124 254 2181 Non
267 2123 306 2180 est
317 2133 399 2198 aptus
412 2123 491 2198 equis
505 2123 602 2180 Ithace
616 2123 707 2193 locus}
731 2133 872 2200 utusque
885 2123 975 2200 plania

184 2227 328 2284 Porrettns
342 2225 444 2301 spatiis,
458 2245 551 2300 neque
564 2226 664 2282 multae
676 2226 811 2303 prodigus
824 2227 938 2284 herbae:

183 2328 296 2398 Atride,
308 2328 398 2405 magis
411 2337 476 2404 apta
490 2327 543 2386 tibi
557 2338 605 2386 tua
620 2330 694 2386 dona
707 2329 876 2406 relinquam.

184 2433 306 2488 Parvum
319 2449 404 2506 parva
422 2432 537 2488 decent:
562 2429 634 2488 mihi
648 2430 709 2507 jam
723 2451 782 2488 non
795 2433 874 2508 regia
888 2434 988 2502 Roma,
1109 2487 1110 2512 ,

185 2535 240 2591 Sed
253 2553 374 2590 vacuum
386 2533 479 2591 Tibur
491 2533 592 2608 placet,
610 2543 660 2590 aut
672 2533 787 2592 imbelle
799 2535 970 2618 Tarentum.

185 2638 330 2706 Strenuus,
343 2645 373 2693 et
385 2636 475 2706 sortis,
489 2635 632 2711 causi-sque
646 2635 791 2713 Philippus
805 2637 923 2713 agendis

185 2741 295 2810 ClaruS,
310 2742 346 2797 ab
358 2737 460 2796 officiis
472 2739 601 2796 octavam
614 2737 727 2796 circiter
740 2739 842 2796 horam

185 2845 266 2902 Dum
279 2843 361 2913 redit,
375 2851 461 2917 atque
474 2841 547 2898 Foro
559 2840 681 2898 mnrium
695 2841 794 2898 distare
808 2842 937 2914 Carinas,

186 2947 252 3023 Jam
264 2946 378 3024 grandis
391 2953 469 3013 natu,
482 2943 627 3019 querr'tur3
641 2944 797 3019 conspexit,
812 2955 844 3001 ut
857 2945 952 3018 aiunt,

186 3051 328 3108 Adrasum
340 3049 483 3125 quendam
493 3046 583 3114 vacua,
597 3047 714 3104 tonsoris
726 3046 758 3104 in
771 3048 883 3118 umbrat,

187 3150 448 3226 Cultelloproprios
460 3158 631 3234 purgantem
644 3148 746 3207 leniter
759 3169 878 3226 ungues.
