2242 3680
173 251 209 338 γε
410 253 724 340 sannionum,

171 397 248 452 Cum
262 395 349 452 tribus
363 395 491 466 ansellis,
505 398 591 454 modo
603 397 675 453 taevt
688 396 794 454 Priscus
807 395 896 466 inani,

172 498 255 554 Vixit
267 498 423 572 inaequalis,
437 500 549 556 clavum
559 510 592 556 ut
605 509 729 556 mutaret
742 499 772 556 in
786 500 869 556 horas
876 525 883 568 3

172 601 296 658 AEdibus
309 619 344 658 ex
356 601 467 677 magnis
481 601 574 658 subito
586 601 614 658 fe
628 603 768 672 conderet,
782 601 860 658 unde

171 703 310 760 Mundior
323 704 413 761 exiret
425 705 473 760 vix
490 703 637 760 libertinus
651 703 772 761 honeste.

171 809 237 884 Jam
249 807 377 864 moechus
389 808 497 876 Romae,
509 805 570 882 jam
583 806 682 862 mallet
696 807 794 863 dodlus
807 803 932 862 Athenis

171 910 290 979 Vivere5
309 909 484 978 Vertumnis,
498 919 638 984 quotquot
651 908 725 976 sunt,
740 917 823 964 uatus
835 907 950 982 iniquis.

170 1014 270 1069 Scurra
283 1011 460 1082 Volanerius,
473 1012 621 1088 postquam
634 1011 676 1068 illi
685 1009 759 1086 justa
767 1011 907 1088 'cheragra

170 1115 311 1172 Contudit
325 1113 466 1183 articulos,
481 1113 529 1189 qui
542 1133 593 1189 pro
606 1115 634 1170 se
647 1115 758 1171 tolleret
771 1126 857 1189 atque

170 1217 303 1274 Mitteret
314 1217 344 1272 in
357 1216 489 1292 phimum
500 1217 580 1286 talos,
594 1218 724 1273 mercede
737 1217 839 1273 diuma

171 1320 352 1376 Conductum
366 1319 458 1394 parit:
481 1328 588 1394 quanto
602 1319 772 1375 constantior
783 1319 861 1376 idem
897 1393 898 1396 Ἴ

170 1425 205 1479 ln
217 1422 302 1492 vitiis,
316 1433 396 1479 tanto
409 1421 498 1478 levius
510 1420 603 1490 miser,
624 1441 657 1477 ac
669 1420 746 1496 prior
758 1421 817 1490 illo,

171 1523 302 1601 Quijam
315 1535 458 1595 contento,
467 1523 529 1600 jam
539 1525 613 1593 laxo,
627 1523 697 1580 fune
709 1523 825 1580 laborat.

170 1628 239 1683 Non
249 1627 324 1684 dices
335 1626 428 1695 hodie,
440 1626 573 1700 quorsum
585 1625 646 1682 haec
657 1635 717 1682 tam
728 1625 826 1701 putida
838 1628 965 1698 tendant,

170 1729 312 1786 Furcifer?
334 1730 383 1786 Ad
401 1737 440 1797 te,
465 1727 592 1802 inquam.
626 1727 695 1784 Quo
718 1728 808 1803 patto,
830 1729 963 1804 peffime?

247 1833 358 1888 Laudas

169 1935 325 1992 Fortunam
337 1944 368 1991 et
379 1954 470 1992 mores
482 1936 607 2012 antiquae
619 1937 707 2012 plebis
713 1962 721 2007 5
743 1947 773 1994 et
785 1937 871 2007 idem,

169 2040 200 2096 Si
213 2039 275 2115 quis
289 2041 325 2096 ad
337 2039 386 2096 illa
400 2041 468 2096 deus
481 2040 574 2098 subito
588 2051 616 2097 te
630 2051 705 2116 agat,
719 2043 808 2116 usque
820 2041 941 2112 recuses5

170 2143 242 2212 Aut,
256 2141 322 2217 quia
336 2161 393 2198 non
405 2141 489 2198 sentis
501 2144 578 2217 quod
590 2141 694 2200 clamas
707 2143 808 2201 ‘fedius
822 2145 890 2214 effe5

170 2247 242 2314 Aut,
262 2245 328 2320 quia
342 2264 400 2301 uon
412 2245 510 2301 firmus
523 2247 631 2302 redum
643 2246 779 2315 defendis,
792 2258 822 2303 et
835 2247 932 2318 haeres,

170 2347 371 2422 Nequicquam
384 2366 465 2404 coeno
478 2347 592 2422 cupiens
604 2347 723 2404 evellere
735 2349 872 2423 plantam.

170 2451 268 2506 Romae
279 2469 325 2505 rus
338 2461 425 2525 optas,
439 2449 582 2507 absentem
594 2449 710 2507 rusticus
723 2453 823 2508 urbem

167 2553 257 2611 Tollis
270 2552 305 2608 ad
316 2553 385 2608 astra
397 2551 473 2608 levis.
507 2551 537 2607 Si
550 2571 690 2628 nusquam
701 2573 730 2610 es
743 2552 816 2610 forte
826 2565 942 2614 vocatus

168 2657 217 2715 Ad
228 2674 347 2723 coenam,
357 2655 452 2711 laudas
463 2654 591 2711 securum
603 2655 677 2712 olus:
700 2675 742 2725 ac,
751 2656 829 2712 velut
839 2675 960 2732 usquam

167 2759 288 2816 Vindtus
299 2777 354 2824 eas,
369 2757 409 2812 ita
422 2767 452 2812 te
464 2755 576 2814 felicem
588 2756 667 2826 dicis,
681 2776 822 2832 amasque,

167 2863 256 2919 Quod
269 2879 407 2934 nusquam
420 2857 473 2915 tibi
486 2859 520 2914 fit
532 2859 697 2933 potandum.
736 2860 850 2936 Jutserit
863 2863 899 2919 ad
912 2864 941 2919 se

166 2965 308 3022 Maecenas
321 2963 414 3020 ferum
424 2961 475 3018 sub
489 2962 596 3018 lumina
610 2961 700 3037 prima
714 2963 809 3020 venire

164 3066 321 3123 Convivam
328 3090 336 3136 3
357 3065 480 3121 Nemon’
494 3064 589 3120 oleum
601 3063 657 3121 fert
669 3065 763 3122 ocius?
784 3067 881 3142 ecquis

165 3167 275 3224 Audit?
297 3185 363 3223 cum
375 3185 481 3242 magno
492 3168 613 3225 blateras
623 3158 754 3238 clamore,
768 3169 903 3244 furisque.
