2238 3686
208 247 264 298 144
419 243 789 314 EPISTOLARUM,

206 367 287 425 Quid
300 369 383 427 dem?
405 372 474 447 quid
488 391 545 430 non
559 373 642 430 dem?
666 371 760 429 renuis
773 379 815 440 tu,
836 372 914 446 quod
922 366 1009 446 jubet

282 473 365 544 alter3

204 577 292 634 Quod
304 577 385 654 petis,
399 579 429 635 id
442 579 507 636 sane
518 580 558 637 est
568 578 690 636 invisrun
703 577 872 653 acidumque
882 579 1005 636 dnobus.

204 681 307 737 Praeter
319 690 420 752 cetera,
434 701 481 739 me
493 683 628 740 Romaene
641 683 773 758 poemata
785 681 881 738 censes

202 783 327 840 Scribere
339 784 422 859 polle,
436 785 511 841 inter
524 793 567 841 tot
579 803 659 841 curas
672 794 771 859 totque
783 784 908 842 labores?

201 885 259 943 Hic
272 886 403 961 sponsum
414 895 510 958 vocat;
533 887 580 944 hic
594 886 723 945 auditum
734 886 844 962 scripta,
858 886 962 944 relidtis

199 987 342 1046 Omnibus
356 989 469 1046 officiis:
492 992 577 1047 cubat
591 989 637 1046 hic
650 988 681 1045 in
694 988 766 1046 colle
781 989 907 1059 Quirini,

199 1089 257 1146 Hic
270 1101 398 1148 extremo
410 1092 441 1148 in
453 1092 598 1148 Aventino
605 1116 612 1161 3
634 1091 765 1148 visendus
777 1101 906 1166 uterque.

199 1193 349 1250 Intervalla
363 1194 439 1252 vides
453 1193 577 1250 humane
589 1194 749 1250 commoda.
781 1194 893 1250 Verum

197 1297 277 1352 Purae
290 1297 356 1353 sunt
368 1299 477 1372 plateae,
494 1297 566 1354 nihil
578 1307 612 1354 ut
624 1297 827 1356 meditantibus
839 1298 937 1354 obstet.

191 1399 319 1456 'Festinat
331 1401 438 1458 calidus
452 1401 537 1457 mulis
551 1399 709 1476 gerulisque
722 1399 864 1456 redemtor
868 1425 877 1471 3

192 1502 322 1577 'Torquet
336 1522 412 1560 nunc
430 1503 562 1579 lapidem,
584 1520 661 1558 nunc
678 1501 780 1577 ingens
793 1501 925 1560 machina
940 1503 1000 1580 tig-

273 1625 342 1664 num
354 1631 360 1643 ·

190 1706 294 1764 Tristia
306 1650 422 1765 rotiustis
435 1707 578 1765 ludantur
591 1708 690 1766 funera
703 1708 830 1783 plaustris
837 1733 846 1779 3

193 1809 257 1866 Hac
269 1809 377 1867 rabiosa
390 1810 467 1887 fugit
479 1809 564 1879 canis,
582 1809 635 1867 hac
647 1810 789 1868 lutulenta
801 1810 859 1868 ruit
872 1810 927 1870 sus.

177 1913 207 1968 Ἰ
220 1931 304 1982 nunc,
318 1920 348 1968 et
357 1913 450 1968 versus
464 1921 560 1968 tecum
572 1912 709 1970 meditare
721 1931 845 1971 canoros.

189 2014 363 2090 Scriptorum
376 2013 477 2071 chorus
489 2014 581 2072 omnis
594 2024 672 2071 amat
687 2033 796 2087 nemus,
813 1999 842 2073 et
855 2017 933 2094 fugit
946 2039 995 2076 ur·
1102 2001 1103 2046 l

206 2123 217 2130 ”
269 2121 326 2188 bes,

190 2220 256 2277 Rite
267 2221 355 2278 cliens
368 2220 480 2290 Bacchi,
495 2220 594 2277 somno
608 2221 756 2296 gaudentis
768 2231 797 2278 et
810 2225 929 2282 umbre:

186 2324 235 2380 Tu
248 2343 295 2380 me
307 2324 382 2381 inter
394 2322 521 2398 strepitus
534 2323 686 2380 nodnmos
699 2331 784 2398 atque
796 2323 912 2382 diurnos
934 2361 938 2367 -

186 2425 240 2482 Vis
253 2443 361 2496 canere,
375 2436 404 2483 et
416 2425 558 2482 contradis
571 2424 649 2500 sequi
660 2425 776 2502 vestigia
789 2431 904 2484 vatum?
992 2429 995 2436 '

188 2528 350 2604 ingenium,
366 2528 418 2586 fibi
431 2529 508 2604 quod
520 2546 621 2584 vacuas
635 2527 769 2585 desumsrt
782 2530 921 2601 Athenas,

188 2631 225 2688 Et
237 2629 332 2687 studiis
341 2649 430 2686 annos
444 2630 552 2704 septem
565 2629 652 2699 dedit,
665 2629 844 2707 insenuitque

187 2733 280 2792 Libris
293 2743 322 2790 et
335 2732 416 2801 curis,
429 2733 518 2789 statut
532 2731 699 2790 taciturnius
712 2733 772 2791 exit

186 2837 362 2911 Plerumque,
374 2843 403 2892 et
412 2834 470 2916 risu
480 2835 617 2910 populum
629 2835 735 2910 quatit:
757 2836 805 2894 hic
815 2855 878 2915 ego,
890 2859 988 2900 rerum

185 2939 328 2996 Fluttibus
341 2938 371 2994 in
385 2936 485 2995 mediis
498 2945 528 2994 et
541 2937 750 3013 tempestatibus
763 2941 848 3010 urbis,

181 3041 277 3098 Verba
290 3043 358 3117 lyrae
372 3049 483 3097 motura
495 3040 597 3096 sonum
609 3041 774 3098 connettere
787 3042 904 3118 digner?

183 3141 279 3197 Frater
291 3152 350 3198 erat
364 3143 462 3214 Romse
475 3141 597 3198 consulti
611 3143 715 3215 rhetor,
730 3153 764 3201 ut
776 3145 847 3202 alter
