2242 3680
192 166 233 221 Μ
418 164 724 235 SERMONUM‚

191 291 370 362 Praeteritam,¹
384 301 413 350 et
425 293 517 352 latum
528 294 650 364 clavum,
663 309 818 369 prunaeque
826 289 971 349 batillum.

191 392 227 450 In
240 393 451 454 Mamurrarum
464 397 523 454 laffi
537 396 640 454 deinde
652 397 722 452 urbe
735 413 892 465 manemus,

190 495 314 552 Mureni
327 499 470 572 praebente
482 499 609 569 dominu,
630 497 770 575 Capitone
782 496 919 556 culinam.

192 597 300 654 Postera
313 599 364 656 lux
377 600 467 657 oritur
478 601 570 658 multo
584 600 753 676 gratiffima:
776 592 903 676 namque

191 699 349 771 Plotius,et
357 701 460 759 Varius
474 702 615 774 Sinuessae,
629 702 832 780 Virgiliusque‚

190 802 352 874 Occurrunt
358 829 367 875 ;
388 804 500 876 animae,
513 805 609 880 quales
622 825 714 880 neque
726 804 902 864 candidiores
983 873 986 882 ,

188 907 277 963 Terra
290 906 366 978 tulit,
381 925 473 983 neque
484 907 563 983 queis
575 927 623 964 me
636 908 671 964 fit
683 907 838 966 devinctior
849 908 930 965 alter.

189 1009 281 1084 oqui
294 1010 468 1085 complexus,
487 1019 516 1066 et
528 1010 630 1086 gaudia
643 1021 750 1085 quanta
762 1011 894 1068 fuerunt!
984 1063 987 1070 ,

188 1112 242 1169 Nil
254 1131 308 1188 ego
321 1111 491 1172 contulerim
500 1111 628 1188 jucundo
641 1112 723 1170 sanus
736 1111 838 1171 arnico.

187 1214 319 1272 Proxima
332 1215 478 1291 Campano
491 1215 572 1291 ponti
585 1235 649 1290 quae
661 1215 769 1285 villula,
791 1215 900 1274 testum

188 1318 324 1388 Praebuit5
345 1328 375 1376 et
387 1317 511 1393 parochi,
531 1337 595 1392 quae
608 1318 722 1388 debent,
741 1317 821 1394 ligna
833 1318 990 1396 salemque.

186 1420 264 1478 Hinc
277 1421 348 1480 muli
362 1422 469 1498 Capuae
481 1420 599 1478 clitellas
613 1430 740 1496 tempore
750 1430 872 1496 ponunt.

186 1524 294 1582 Lusum
306 1524 331 1581 it
343 1525 486 1582 Maecenas
492 1549 500 1594 i
522 1523 678 1584 dormitum
691 1542 754 1599 ego,
771 1523 986 1600 Virgiliusquea,

185 1626 321 1701 Namque
333 1626 391 1702 pila
403 1625 486 1702 lippis
499 1625 649 1683 inimicum
662 1635 691 1684 et
702 1625 801 1684 ludere
812 1625 916 1686 crudis„
980 1653 983 1658 ¹

185 1727 263 1784 Hinc
275 1747 324 1784 nos
338 1729 440 1784 Coccei
452 1727 553 1803 recipit
564 1727 723 1803 plenissima
738 1727 814 1799 villa,
920 1722 923 1726 ⁵

186 1832 262 1892 Quae
275 1832 357 1907 super
369 1832 408 1888 est
418 1831 511 1888 Caudi
524 1850 671 1907 cauponas.
702 1833 734 1888 N
735 1851 791 1889 unc
803 1833 875 1890 mihi
887 1835 985 1910 paucis

184 1935 325 1992 Sarmenti
337 1935 437 1992 scurrae
450 1953 578 2012 pugnam
590 1935 733 2011 Messique
747 1935 856 2007 Cicirri,

184 2038 277 2108 Musa,
291 2038 378 2096 velim
391 2056 542 2106 memorem
564 2046 593 2093 et
607 2056 663 2111 quo
675 2046 755 2113 patre
767 2048 850 2096 natus
862 2048 985 2115 uterque

184 2140 345 2203 Contulerit
356 2140 427 2197 lites.
467 2138 555 2198 Messi
566 2139 673 2197 clarum
687 2158 775 2214 genus
789 2141 856 2198 Osci
861 2165 870 2211 3

183 2243 323 2303 Sannenti
335 2242 450 2301 domina
463 2241 559 2298 exstat.
599 2242 648 2298 Ab
661 2241 705 2297 his
717 2240 869 2317 majoribus
881 2244 946 2314 orti,

182 2345 232 2402 Ad
244 2365 371 2421 pugnam
383 2363 493 2402 venere.
534 2342 611 2400 Prior
624 2345 799 2402 Sarmentus:
821 2345 897 2421 Equi
908 2355 939 2404 te

181 2448 245 2506 Esse
258 2448 310 2505 seri
324 2448 443 2506 similem
456 2447 528 2506 dico.
569 2446 720 2506 Ridemus:
742 2449 842 2524 etipse

181 2551 308 2620 Metius,
323 2549 456 2626 Accipio;
478 2558 563 2626 caput
576 2559 606 2606 et
618 2559 722 2607 movet.
755 2550 783 2611 O
797 2561 846 2608 tua
859 2571 950 2612 comu

181 2653 223 2712 Ni
236 2654 310 2710 soret
320 2653 431 2710 ¹¹errseslo
445 2652 530 2720 frons,
543 2650 646 2726 inquit,
659 2651 728 2726 quid
741 2653 855 2724 sacereS,
871 2674 939 2714 eum

181 2757 226 2814 Sic
237 2756 354 2814 mutilus
368 2753 522 2812 miniteris?
543 2753 587 2809 At
599 2753 641 2810 illi
655 2753 731 2810 foeda
743 2753 861 2812 cicatrix
983 2785 986 2790 -

181 2859 306 2919 Setosam
318 2857 382 2916 laevi
395 2855 520 2916 frontem
532 2865 693 2930 turpaverat
705 2854 770 2912 oris.

180 2963 360 3036 Campanum
370 2959 399 3016 in
409 2959 548 3026 morbum,
557 2956 587 3012 in
598 2956 701 3014 faciem
708 2959 849 3033 permulta
853 2959 975 3037 jocam,

180 3063 317 3135 Pastorem
327 3063 442 3136 saltaret
453 3059 497 3118 uti
510 3059 636 3137 Cyclopa
649 3063 794 3139 rogabam·
808 3125 812 3130 ,
914 3140 918 3145 ⁴
980 3118 983 3126 ,
