2242 3680
398 235 494 292 LIB.
520 235 559 293 Il.
599 234 640 292 iii.
882 238 919 290 53

102 359 186 422 f-Quo
200 359 279 416 vafer
291 359 339 416 ille
351 363 435 438 pedes
449 362 557 420 lavisset
570 360 704 438 Sisyphus
717 378 780 429 aere,

116 461 199 518 Quid
213 462 356 538 sculptum
368 463 486 534 infabre,
502 465 571 540 quid
583 464 679 520 fusum
693 461 789 520 durius
799 461 881 518 esset:

116 564 245 622 Callidus
256 564 324 622 huic
338 566 417 642 figno
430 569 570 642 ponebam
584 565 675 624 millia
689 574 819 622 centum:
908 625 910 630 ,

117 667 233 738 Hortos,
247 669 432 744 egregiasque
445 671 544 726 domos
557 667 706 726 mercarier
719 687 794 734 unus¹

117 769 193 826 Cum
205 771 286 828 lucro
297 791 411 842 noram3
433 773 509 830 unde
522 771 682 848 frequentia
695 768 860 828 Mercuriali

117 875 280 949 Imposuere
293 875 366 932 mihi
381 865 541 968 cqgnomen
555 875 688 950 compita.
729 873 824 931 Novi:

115 977 153 1034 Et
166 977 261 1034 morbi
273 977 361 1035 miror
373 989 527 1058 pquatum
541 988 569 1036 te
581 979 666 1036 illius.
707 976 800 1052 Atqui

115 1081 231 1136 Emovit
244 1089 369 1138 veterem
385 1081 457 1138 mire
470 1101 568 1152 novus,
582 1093 616 1139 ut
629 1081 707 1150 solet,
720 1081 752 1138 in
766 1098 815 1138 cor

114 1182 245 1259 Trajedto
259 1183 353 1240 lateris
365 1185 459 1242 miseri
472 1185 607 1260 capitisve
619 1185 730 1242 dolore:

116 1287 159 1342 Ut
171 1286 345 1362 lethargicus
358 1287 414 1358 hic,
434 1307 501 1344 cum
514 1288 547 1344 fit
561 1287 651 1363 pugil,
672 1295 702 1342 et
715 1285 859 1342 medicum
870 1305 917 1343 ur·

193 1399 275 1465 guet.

116 1491 196 1548 Dunr
210 1511 247 1548 ne
261 1493 330 1567 quid
348 1493 438 1550 simile
456 1493 532 1562 huic,
556 1493 612 1550 esto
627 1499 661 1548 ut
673 1490 752 1562 libet.
793 1490 916 1560 Obone,

193 1613 230 1652 ne
245 1606 273 1651 te
646 1606 648 1610 ’
775 1671 777 1675 ,

115 1697 269 1767 Frustrere3
290 1697 394 1757 insanis
407 1708 436 1756 et
450 1707 491 1769 tu,
512 1699 645 1774 stultique
658 1717 745 1774 prope
757 1717 865 1768 omneS,

115 1800 142 1856 Si
157 1801 226 1876 quid
242 1800 390 1858 Stertinius
403 1801 462 1858 veri
476 1812 585 1877 crepat,
609 1802 684 1858 unde
697 1821 751 1877 ego
765 1801 838 1860 mira

115 1903 253 1978 Descripsr
265 1903 363 1960 docilis
376 1913 515 1980 praecepta
529 1905 598 1974 haec,
621 1915 747 1979 ternpore
760 1923 818 1979 quo
831 1923 878 1960 me

114 2007 224 2064 Solatus
234 2006 313 2082 justit
325 2007 480 2082 sapientem
494 2007 605 2082 pascere
618 2009 745 2076 barbam,

114 2110 213 2184 Atque
225 2130 242 2166 e
256 2109 382 2168 Fabricio
397 2129 454 2166 non
468 2109 574 2166 tristem
587 2118 674 2185 ponte
687 2109 799 2166 reverti.

113 2213 204 2282 Nam,
219 2213 293 2269 male
307 2229 338 2268 re
351 2213 435 2288 gesta,
451 2233 517 2269 cum
531 2213 633 2270 vellem
646 2212 760 2270 mittere
773 2220 871 2287 operto

113 2318 165 2373 Me
178 2317 272 2392 capite
285 2317 316 2372 in
330 2317 448 2386 flumen,
462 2318 561 2374 dexter
574 2316 666 2386 stetit,
690 2327 729 2387 et,
741 2317 819 2374 Cave
831 2316 904 2374 faxis

113 2421 156 2476 Te
169 2421 323 2495 quicquam
341 2419 508 2496 indignum:
530 2421 632 2496 pudor,
651 2417 754 2494 inquit,
779 2427 808 2476 te
825 2421 916 2478 malus

192 2523 282 2598 angit,

113 2625 230 2694 Insanos
242 2627 292 2700 qui
305 2625 380 2682 inter
392 2643 504 2682 vereare
516 2625 631 2682 insanus
644 2623 750 2682 haberi.

113 2729 242 2786 Primum
254 2748 322 2786 nam
335 2726 487 2803 inquiram,
502 2727 571 2802 quid
582 2729 616 2784 srt
629 2728 736 2799 furare5
760 2726 814 2784 hoc
829 2726 849 2783 sr
862 2727 916 2784 erit
927 2701 931 2719 i
1029 2759 1033 2766 ·

192 2832 223 2888 in
238 2841 266 2888 te

112 2937 186 3005 Solo,
202 2935 243 2992 nil
256 2934 344 3005 verbi,
358 2953 454 3010 pereas
467 2932 537 3008 quin
550 2933 670 3003 fortiter,
691 2933 803 2989 addam.

115 3026 214 3100 Quem
226 3037 302 3094 mala
316 3036 442 3105 stultitia,
466 3047 495 3093 et
508 3053 708 3111 quemcunque
721 3032 832 3090 inscitia
845 3033 914 3106 veri,

113 3141 232 3209 Caecum
244 3141 313 3218 agit,
332 3140 463 3201 insanum
477 3136 629 3214 Chrysippi
644 3136 778 3214 porticus,
793 3147 823 3196 et
836 3157 915 3218 grex,
