<?xml version="1.0" encoding="UTF-8"?>
<!DOCTYPE html PUBLIC "-//W3C//DTD XHTML 1.0 Transitional//EN"
    "http://www.w3.org/TR/xhtml1/DTD/xhtml1-transitional.dtd">
<html xmlns="http://www.w3.org/1999/xhtml" xml:lang="en" lang="en">
 <head>
  <title>
</title>
<meta http-equiv="Content-Type" content="text/html;charset=utf-8" />
  <meta name='ocr-system' content='tesseract 3.04.00' />
  <meta name='ocr-capabilities' content='ocr_page ocr_carea ocr_par ocr_line ocrx_word'/>
</head>
<body>
  <div class='ocr_page' id='page_1' title='image "./qhoratiiflacci01horagoog_0050.png"; bbox 0 0 2242 3680; ppageno 0'>
   <div class='ocr_carea' id='block_1_1' title="bbox 422 222 909 294">
    <p class='ocr_par' dir='ltr' id='par_1_1' title="bbox 422 222 909 294">
     <span class='ocr_line' id='line_1_1' title="bbox 422 222 909 294; baseline -0.004 -12"><span class='ocrx_word' id='word_1_1' title='bbox 422 222 471 282; x_wconf 90' lang='lat' dir='ltr'><strong>LI</strong></span> <span class='ocrx_word' id='word_1_2' title='bbox 482 226 514 282; x_wconf 94' lang='lat' dir='ltr'><strong>B.</strong></span> <span class='ocrx_word' id='word_1_3' title='bbox 543 225 569 282; x_wconf 75' lang='lat'><strong>1:</strong></span> <span class='ocrx_word' id='word_1_4' title='bbox 606 244 635 282; x_wconf 86' lang='lat' dir='ltr'><strong>x.</strong></span> <span class='ocrx_word' id='word_1_5' title='bbox 870 230 909 294; x_wconf 79' lang='lat'><strong>39</strong></span> 
     </span>
    </p>
   </div>
   <div class='ocr_carea' id='block_1_2' title="bbox 107 347 835 612">
    <p class='ocr_par' dir='ltr' id='par_1_2' title="bbox 107 347 835 612">
     <span class='ocr_line' id='line_1_2' title="bbox 107 347 835 425; baseline -0.003 -17"><span class='ocrx_word' id='word_1_6' title='bbox 107 347 291 408; x_wconf 77' lang='lat' dir='ltr'><strong>Defendente</strong></span> <span class='ocrx_word' id='word_1_7' title='bbox 302 349 395 408; x_wconf 87' lang='lat' dir='ltr'><strong>vicem</strong></span> <span class='ocrx_word' id='word_1_8' title='bbox 411 352 497 408; x_wconf 89' lang='lat' dir='ltr'><strong>modo</strong></span> <span class='ocrx_word' id='word_1_9' title='bbox 509 349 627 408; x_wconf 86' lang='lat' dir='ltr'><strong>rhetoris</strong></span> <span class='ocrx_word' id='word_1_10' title='bbox 640 356 726 425; x_wconf 88' lang='lat' dir='ltr'><strong>atque</strong></span> <span class='ocrx_word' id='word_1_11' title='bbox 737 349 835 425; x_wconf 78' lang='lat' dir='ltr'><strong>po&#39;e&#39;tae,</strong></span> 
     </span>
     <span class='ocr_line' id='line_1_3' title="bbox 108 451 760 528; baseline -0.002 -19"><span class='ocrx_word' id='word_1_12' title='bbox 108 452 259 510; x_wconf 81' lang='lat' dir='ltr'><strong>Interdum</strong></span> <span class='ocrx_word' id='word_1_13' title='bbox 271 452 381 523; x_wconf 89' lang='lat' dir='ltr'><strong>urbani,</strong></span> <span class='ocrx_word' id='word_1_14' title='bbox 402 453 541 528; x_wconf 82' lang='lat' dir='ltr'><strong>parcentis</strong></span> <span class='ocrx_word' id='word_1_15' title='bbox 553 451 660 510; x_wconf 88' lang='lat' dir='ltr'><strong>viribus</strong></span> <span class='ocrx_word' id='word_1_16' title='bbox 675 460 760 527; x_wconf 83' lang='lat' dir='ltr'><strong>atque</strong></span> 
     </span>
     <span class='ocr_line' id='line_1_4' title="bbox 107 553 780 612; baseline -0.003 0"><span class='ocrx_word' id='word_1_17' title='bbox 107 554 298 612; x_wconf 81' lang='lat' dir='ltr'><strong>Extenuantis</strong></span> <span class='ocrx_word' id='word_1_18' title='bbox 311 574 356 612; x_wconf 89' lang='lat' dir='ltr'><strong>eas</strong></span> <span class='ocrx_word' id='word_1_19' title='bbox 369 555 505 612; x_wconf 89' lang='lat' dir='ltr'><strong>consulto.</strong></span> <span class='ocrx_word' id='word_1_20' title='bbox 545 553 710 612; x_wconf 83' lang='lat' dir='ltr'><strong>Ridiculum</strong></span> <span class='ocrx_word' id='word_1_21' title='bbox 723 553 780 610; x_wconf 90' lang='lat' dir='ltr'><strong>acri</strong></span> 
     </span>
    </p>
   </div>
   <div class='ocr_carea' id='block_1_3' title="bbox 106 657 926 942">
    <p class='ocr_par' dir='ltr' id='par_1_3' title="bbox 106 657 926 942">
     <span class='ocr_line' id='line_1_5' title="bbox 106 657 829 734; baseline 0.007 -20"><span class='ocrx_word' id='word_1_22' title='bbox 106 657 219 714; x_wconf 89' lang='lat' dir='ltr'><strong>Fortius</strong></span> <span class='ocrx_word' id='word_1_23' title='bbox 232 666 262 714; x_wconf 91' lang='lat' dir='ltr'><strong>et</strong></span> <span class='ocrx_word' id='word_1_24' title='bbox 273 657 373 716; x_wconf 88' lang='lat' dir='ltr'><strong>melius</strong></span> <span class='ocrx_word' id='word_1_25' title='bbox 386 677 504 734; x_wconf 85' lang='lat' dir='ltr'><strong>magnas</strong></span> <span class='ocrx_word' id='word_1_26' title='bbox 515 657 683 733; x_wconf 90' lang='lat' dir='ltr'><strong>plerumque</strong></span> <span class='ocrx_word' id='word_1_27' title='bbox 693 657 767 714; x_wconf 87' lang='lat' dir='ltr'><strong>secat</strong></span> <span class='ocrx_word' id='word_1_28' title='bbox 778 673 829 718; x_wconf 70' lang='lat' dir='ltr'><strong>res,</strong></span> 
     </span>
     <span class='ocr_line' id='line_1_6' title="bbox 106 758 926 850; baseline -0.002 -34"><span class='ocrx_word' id='word_1_29' title='bbox 106 759 163 829; x_wconf 89' lang='lat' dir='ltr'><strong>Illi,</strong></span> <span class='ocrx_word' id='word_1_30' title='bbox 177 759 281 836; x_wconf 89' lang='lat' dir='ltr'><strong>scripta</strong></span> <span class='ocrx_word' id='word_1_31' title='bbox 294 759 397 834; x_wconf 88' lang='lat' dir='ltr'><strong>quibus</strong></span> <span class='ocrx_word' id='word_1_32' title='bbox 408 759 548 818; x_wconf 89' lang='lat' dir='ltr'><strong>comoedia</strong></span> <span class='ocrx_word' id='word_1_33' title='bbox 558 758 646 834; x_wconf 87' lang='lat' dir='ltr'><strong>prisca</strong></span> <span class='ocrx_word' id='word_1_34' title='bbox 660 758 725 816; x_wconf 86' lang='lat' dir='ltr'><strong>viris</strong></span> <span class='ocrx_word' id='word_1_35' title='bbox 738 759 785 828; x_wconf 85' lang='lat' dir='ltr'><strong>est,</strong></span> <span class='ocrx_word' id='word_1_36' title='bbox 923 843 926 850; x_wconf 19' lang='grc' dir='ltr'><strong><em>ι</em></strong></span> 
     </span>
     <span class='ocr_line' id='line_1_7' title="bbox 108 861 919 942; baseline 0 -23"><span class='ocrx_word' id='word_1_37' title='bbox 108 861 173 919; x_wconf 88' lang='lat' dir='ltr'><strong>Hoc</strong></span> <span class='ocrx_word' id='word_1_38' title='bbox 186 862 306 935; x_wconf 82' lang='lat' dir='ltr'><strong>stabant,</strong></span> <span class='ocrx_word' id='word_1_39' title='bbox 326 863 381 920; x_wconf 92' lang='lat' dir='ltr'><strong>hoc</strong></span> <span class='ocrx_word' id='word_1_40' title='bbox 397 862 463 920; x_wconf 91' lang='lat' dir='ltr'><strong>sunt</strong></span> <span class='ocrx_word' id='word_1_41' title='bbox 475 861 607 920; x_wconf 86' lang='lat' dir='ltr'><strong>imitandi</strong></span> <span class='ocrx_word' id='word_1_42' title='bbox 613 886 621 932; x_wconf 80' lang='lat' dir='ltr'>i</span> <span class='ocrx_word' id='word_1_43' title='bbox 646 881 717 942; x_wconf 91' lang='lat' dir='ltr'><strong>quos</strong></span> <span class='ocrx_word' id='word_1_44' title='bbox 735 879 827 936; x_wconf 88' lang='lat' dir='ltr'><strong>neque</strong></span> <span class='ocrx_word' id='word_1_45' title='bbox 845 861 919 936; x_wconf 62' lang='lat' dir='ltr'><strong>pul-¹</strong></span> 
     </span>
    </p>
   </div>
   <div class='ocr_carea' id='block_1_4' title="bbox 106 965 856 1754">
    <p class='ocr_par' dir='ltr' id='par_1_4' title="bbox 187 965 256 1024">
     <span class='ocr_line' id='line_1_8' title="bbox 187 965 256 1024; baseline 0.029 -2"><span class='ocrx_word' id='word_1_46' title='bbox 187 965 256 1024; x_wconf 90' lang='lat' dir='ltr'><strong>cher</strong></span> 
     </span>
    </p>

    <p class='ocr_par' dir='ltr' id='par_1_5' title="bbox 106 1065 856 1754">
     <span class='ocr_line' id='line_1_9' title="bbox 106 1065 813 1144; baseline -0.004 -18"><span class='ocrx_word' id='word_1_47' title='bbox 106 1067 305 1144; x_wconf 83' lang='lat' dir='ltr'>Hermogenes</span> <span class='ocrx_word' id='word_1_48' title='bbox 315 1087 444 1144; x_wconf 88' lang='lat' dir='ltr'><strong>unquam</strong></span> <span class='ocrx_word' id='word_1_49' title='bbox 457 1067 536 1144; x_wconf 85' lang='lat' dir='ltr'><strong>legit,</strong></span> <span class='ocrx_word' id='word_1_50' title='bbox 550 1085 642 1144; x_wconf 81' lang='lat' dir='ltr'><strong>noque</strong></span> <span class='ocrx_word' id='word_1_51' title='bbox 656 1065 751 1126; x_wconf 75' lang='lat' dir='ltr'><strong>simius</strong></span> <span class='ocrx_word' id='word_1_52' title='bbox 762 1066 813 1124; x_wconf 87' lang='lat' dir='ltr'><strong>iste</strong></span> 
     </span>
     <span class='ocr_line' id='line_1_10' title="bbox 107 1169 856 1246; baseline 0 -18"><span class='ocrx_word' id='word_1_53' title='bbox 107 1170 162 1228; x_wconf 89' lang='lat' dir='ltr'><strong>Nil</strong></span> <span class='ocrx_word' id='word_1_54' title='bbox 173 1179 275 1246; x_wconf 86' lang='lat' dir='ltr'><strong>praeter</strong></span> <span class='ocrx_word' id='word_1_55' title='bbox 288 1171 412 1228; x_wconf 89' lang='lat' dir='ltr'><strong>Calvum</strong></span> <span class='ocrx_word' id='word_1_56' title='bbox 424 1178 454 1228; x_wconf 93' lang='lat' dir='ltr'><strong>et</strong></span> <span class='ocrx_word' id='word_1_57' title='bbox 466 1171 564 1230; x_wconf 72' lang='lat' dir='ltr'><strong>donus</strong></span> <span class='ocrx_word' id='word_1_58' title='bbox 574 1179 687 1229; x_wconf 90' lang='lat' dir='ltr'><strong>cantare</strong></span> <span class='ocrx_word' id='word_1_59' title='bbox 700 1169 856 1228; x_wconf 89' lang='lat' dir='ltr'><strong>Catullum.</strong></span> 
     </span>
     <span class='ocr_line' id='line_1_11' title="bbox 106 1271 824 1349; baseline 0 -19"><span class='ocrx_word' id='word_1_60' title='bbox 106 1273 153 1330; x_wconf 82' lang='lat' dir='ltr'><strong>At</strong></span> <span class='ocrx_word' id='word_1_61' title='bbox 164 1292 304 1349; x_wconf 85' lang='lat' dir='ltr'><strong>magnum</strong></span> <span class='ocrx_word' id='word_1_62' title='bbox 314 1272 395 1342; x_wconf 71' lang='lat' dir='ltr'><strong>fecit,</strong></span> <span class='ocrx_word' id='word_1_63' title='bbox 410 1274 487 1348; x_wconf 90' lang='lat' dir='ltr'><strong>quod</strong></span> <span class='ocrx_word' id='word_1_64' title='bbox 499 1271 589 1332; x_wconf 87' lang='lat' dir='ltr'><strong>verbis</strong></span> <span class='ocrx_word' id='word_1_65' title='bbox 603 1275 701 1330; x_wconf 85' lang='lat' dir='ltr'><strong>Graeca</strong></span> <span class='ocrx_word' id='word_1_66' title='bbox 715 1272 824 1330; x_wconf 83' lang='lat' dir='ltr'><strong>Latinis</strong></span> 
     </span>
     <span class='ocr_line' id='line_1_12' title="bbox 108 1375 772 1452; baseline 0 -20"><span class='ocrx_word' id='word_1_67' title='bbox 108 1375 237 1433; x_wconf 81' lang='lat' dir='ltr'><strong>Miscuit.</strong></span> <span class='ocrx_word' id='word_1_68' title='bbox 277 1375 305 1432; x_wconf 95' lang='grc' dir='ltr'><strong>Ο</strong></span> <span class='ocrx_word' id='word_1_69' title='bbox 318 1375 371 1432; x_wconf 88' lang='lat' dir='ltr'><strong>seri</strong></span> <span class='ocrx_word' id='word_1_70' title='bbox 384 1375 552 1433; x_wconf 82' lang='lat' dir='ltr'><strong>studiorum!</strong></span> <span class='ocrx_word' id='word_1_71' title='bbox 567 1375 655 1452; x_wconf 90' lang='lat' dir='ltr'><strong>quine</strong></span> <span class='ocrx_word' id='word_1_72' title='bbox 667 1375 772 1451; x_wconf 89' lang='lat' dir='ltr'><strong>putetis</strong></span> 
     </span>
     <span class='ocr_line' id='line_1_13' title="bbox 108 1477 814 1554; baseline 0 -20"><span class='ocrx_word' id='word_1_73' title='bbox 108 1477 236 1536; x_wconf 87' lang='lat' dir='ltr'><strong>Difficile</strong></span> <span class='ocrx_word' id='word_1_74' title='bbox 250 1487 279 1535; x_wconf 87' lang='lat' dir='ltr'><strong>et</strong></span> <span class='ocrx_word' id='word_1_75' title='bbox 292 1478 406 1548; x_wconf 87' lang='lat' dir='ltr'><strong>mirum,</strong></span> <span class='ocrx_word' id='word_1_76' title='bbox 426 1479 538 1536; x_wconf 89' lang='lat' dir='ltr'><strong>Rhodio</strong></span> <span class='ocrx_word' id='word_1_77' title='bbox 551 1479 629 1554; x_wconf 92' lang='lat' dir='ltr'><strong>quod</strong></span> <span class='ocrx_word' id='word_1_78' title='bbox 642 1477 814 1536; x_wconf 83' lang='lat' dir='ltr'><strong>Pitholeonti</strong></span> 
     </span>
     <span class='ocr_line' id='line_1_14' title="bbox 106 1579 835 1658; baseline 0.001 -21"><span class='ocrx_word' id='word_1_79' title='bbox 106 1579 258 1656; x_wconf 85' lang='lat' dir='ltr'><strong>Contigit?</strong></span> <span class='ocrx_word' id='word_1_80' title='bbox 280 1582 323 1638; x_wconf 88' lang='lat' dir='ltr'><strong>At</strong></span> <span class='ocrx_word' id='word_1_81' title='bbox 333 1580 423 1638; x_wconf 89' lang='lat' dir='ltr'><strong>sermo</strong></span> <span class='ocrx_word' id='word_1_82' title='bbox 435 1581 535 1658; x_wconf 64' lang='lat' dir='ltr'><strong>lingui</strong></span> <span class='ocrx_word' id='word_1_83' title='bbox 548 1581 701 1638; x_wconf 91' lang='lat' dir='ltr'><strong>concinnus</strong></span> <span class='ocrx_word' id='word_1_84' title='bbox 714 1581 835 1656; x_wconf 66' lang='lat' dir='ltr'><strong>utrique</strong></span> 
     </span>
     <span class='ocr_line' id='line_1_15' title="bbox 107 1683 833 1754; baseline -0.003 -12"><span class='ocrx_word' id='word_1_85' title='bbox 107 1683 236 1754; x_wconf 86' lang='lat' dir='ltr'><strong>Suavior,</strong></span> <span class='ocrx_word' id='word_1_86' title='bbox 250 1691 284 1740; x_wconf 94' lang='lat' dir='ltr'><strong>ut</strong></span> <span class='ocrx_word' id='word_1_87' title='bbox 297 1683 372 1741; x_wconf 89' lang='lat' dir='ltr'><strong>Chio</strong></span> <span class='ocrx_word' id='word_1_88' title='bbox 386 1692 454 1741; x_wconf 88' lang='lat' dir='ltr'><strong>nota</strong></span> <span class='ocrx_word' id='word_1_89' title='bbox 468 1684 489 1741; x_wconf 88' lang='lat' dir='ltr'><strong>fi</strong></span> <span class='ocrx_word' id='word_1_90' title='bbox 502 1683 648 1742; x_wconf 86' lang='lat' dir='ltr'><strong>commista</strong></span> <span class='ocrx_word' id='word_1_91' title='bbox 660 1683 771 1741; x_wconf 78' lang='lat' dir='ltr'><strong>Falerni</strong></span> <span class='ocrx_word' id='word_1_92' title='bbox 784 1683 833 1741; x_wconf 52' lang='lat' dir='ltr'><strong>est,</strong></span> 
     </span>
    </p>
   </div>
   <div class='ocr_carea' id='block_1_5' title="bbox 13 1784 911 1861">
    <p class='ocr_par' dir='ltr' id='par_1_6' title="bbox 13 1784 911 1861">
     <span class='ocr_line' id='line_1_16' title="bbox 13 1784 911 1861; baseline 0.006 -19"><span class='ocrx_word' id='word_1_93' title='bbox 13 1787 16 1794; x_wconf 76' lang='grc'><em>’</em></span> <span class='ocrx_word' id='word_1_94' title='bbox 107 1785 188 1842; x_wconf 90' lang='lat' dir='ltr'><strong>Cum</strong></span> <span class='ocrx_word' id='word_1_95' title='bbox 200 1785 293 1843; x_wconf 87' lang='lat' dir='ltr'><strong>versus</strong></span> <span class='ocrx_word' id='word_1_96' title='bbox 306 1784 406 1842; x_wconf 81' lang='lat' dir='ltr'><strong>facias:</strong></span> <span class='ocrx_word' id='word_1_97' title='bbox 429 1785 551 1861; x_wconf 87' lang='lat' dir='ltr'><strong>teipsum</strong></span> <span class='ocrx_word' id='word_1_98' title='bbox 563 1795 720 1861; x_wconf 86' lang='lat' dir='ltr'><strong>percontor,</strong></span> <span class='ocrx_word' id='word_1_99' title='bbox 743 1805 780 1844; x_wconf 87' lang='lat' dir='ltr'><strong>an</strong></span> <span class='ocrx_word' id='word_1_100' title='bbox 793 1795 831 1857; x_wconf 88' lang='lat' dir='ltr'><strong>et,</strong></span> <span class='ocrx_word' id='word_1_101' title='bbox 844 1805 911 1847; x_wconf 84' lang='lat' dir='ltr'><strong>cum</strong></span> 
     </span>
    </p>
   </div>
   <div class='ocr_carea' id='block_1_6' title="bbox 107 1887 955 3209">
    <p class='ocr_par' dir='ltr' id='par_1_7' title="bbox 107 1887 796 2274">
     <span class='ocr_line' id='line_1_17' title="bbox 109 1887 739 1964; baseline 0.002 -19"><span class='ocrx_word' id='word_1_102' title='bbox 109 1888 191 1945; x_wconf 87' lang='lat' dir='ltr'><strong>Dura</strong></span> <span class='ocrx_word' id='word_1_103' title='bbox 205 1887 258 1944; x_wconf 86' lang='lat' dir='ltr'><strong>tibi</strong></span> <span class='ocrx_word' id='word_1_104' title='bbox 271 1889 430 1964; x_wconf 83' lang='lat' dir='ltr'><strong>peragenda</strong></span> <span class='ocrx_word' id='word_1_105' title='bbox 443 1888 484 1944; x_wconf 89' lang='lat' dir='ltr'><strong>rei</strong></span> <span class='ocrx_word' id='word_1_106' title='bbox 497 1889 532 1944; x_wconf 90' lang='lat' dir='ltr'><strong>s1t</strong></span> <span class='ocrx_word' id='word_1_107' title='bbox 544 1888 626 1945; x_wconf 88' lang='lat' dir='ltr'><strong>causa</strong></span> <span class='ocrx_word' id='word_1_108' title='bbox 638 1889 739 1958; x_wconf 76' lang='lat' dir='ltr'><strong>Petilli,</strong></span> 
     </span>
     <span class='ocr_line' id='line_1_18' title="bbox 107 1990 790 2068; baseline 0.001 -20"><span class='ocrx_word' id='word_1_109' title='bbox 107 1990 232 2062; x_wconf 83' lang='lat' dir='ltr'><strong>Scilicet,</strong></span> <span class='ocrx_word' id='word_1_110' title='bbox 244 1991 350 2048; x_wconf 85' lang='lat' dir='ltr'><strong>oblitus</strong></span> <span class='ocrx_word' id='word_1_111' title='bbox 362 1991 516 2067; x_wconf 79' lang='lat' dir='ltr'><strong>patriaeque</strong></span> <span class='ocrx_word' id='word_1_112' title='bbox 528 1993 671 2068; x_wconf 81' lang='lat' dir='ltr'><strong>patrisque</strong></span> <span class='ocrx_word' id='word_1_113' title='bbox 685 1993 790 2065; x_wconf 86' lang='lat' dir='ltr'><strong>Latini,</strong></span> 
     </span>
     <span class='ocr_line' id='line_1_19' title="bbox 107 2093 796 2172; baseline 0 -20"><span class='ocrx_word' id='word_1_114' title='bbox 107 2095 188 2152; x_wconf 86' lang='lat' dir='ltr'><strong>Cum</strong></span> <span class='ocrx_word' id='word_1_115' title='bbox 201 2093 301 2152; x_wconf 87' lang='lat' dir='ltr'><strong>Pedius</strong></span> <span class='ocrx_word' id='word_1_116' title='bbox 314 2095 409 2152; x_wconf 87' lang='lat' dir='ltr'><strong>causas</strong></span> <span class='ocrx_word' id='word_1_117' title='bbox 422 2094 539 2152; x_wconf 82' lang='lat' dir='ltr'><strong>exsudet</strong></span> <span class='ocrx_word' id='word_1_118' title='bbox 553 2095 696 2153; x_wconf 86' lang='lat' dir='ltr'><strong>Publicola</strong></span> <span class='ocrx_word' id='word_1_119' title='bbox 710 2105 796 2172; x_wconf 83' lang='lat' dir='ltr'><strong>atque</strong></span> 
     </span>
     <span class='ocr_line' id='line_1_20' title="bbox 111 2196 680 2274; baseline 0.005 -21"><span class='ocrx_word' id='word_1_120' title='bbox 111 2197 265 2268; x_wconf 88' lang='lat' dir='ltr'><strong>Corvinus,</strong></span> <span class='ocrx_word' id='word_1_121' title='bbox 278 2196 376 2272; x_wconf 82' lang='lat' dir='ltr'><strong>patriis</strong></span> <span class='ocrx_word' id='word_1_122' title='bbox 388 2197 578 2255; x_wconf 88' lang='lat' dir='ltr'><strong>intermiscere</strong></span> <span class='ocrx_word' id='word_1_123' title='bbox 591 2198 680 2274; x_wconf 83' lang='lat' dir='ltr'><strong>petita</strong></span> 
     </span>
    </p>

    <p class='ocr_par' dir='ltr' id='par_1_8' title="bbox 109 2299 955 2680">
     <span class='ocr_line' id='line_1_21' title="bbox 109 2299 797 2378; baseline -0.001 -21"><span class='ocrx_word' id='word_1_124' title='bbox 109 2301 206 2360; x_wconf 86' lang='lat' dir='ltr'><strong>Verba</strong></span> <span class='ocrx_word' id='word_1_125' title='bbox 219 2299 287 2357; x_wconf 86' lang='lat' dir='ltr'><strong>foris</strong></span> <span class='ocrx_word' id='word_1_126' title='bbox 300 2299 390 2370; x_wconf 89' lang='lat' dir='ltr'><strong>malis,</strong></span> <span class='ocrx_word' id='word_1_127' title='bbox 405 2300 540 2356; x_wconf 76' lang='lat' dir='ltr'><strong>Canusini</strong></span> <span class='ocrx_word' id='word_1_128' title='bbox 553 2319 632 2358; x_wconf 88' lang='lat' dir='ltr'><strong>more</strong></span> <span class='ocrx_word' id='word_1_129' title='bbox 645 2300 797 2378; x_wconf 87' lang='lat' dir='ltr'><strong>bilinguis?</strong></span> 
     </span>
     <span class='ocr_line' id='line_1_22' title="bbox 109 2401 902 2478; baseline 0.001 -15"><span class='ocrx_word' id='word_1_130' title='bbox 109 2401 214 2478; x_wconf 91' lang='lat' dir='ltr'><strong>Atqui,</strong></span> <span class='ocrx_word' id='word_1_131' title='bbox 228 2422 282 2478; x_wconf 86' lang='lat' dir='ltr'><strong>ego</strong></span> <span class='ocrx_word' id='word_1_132' title='bbox 293 2421 360 2462; x_wconf 86' lang='lat' dir='ltr'><strong>cum</strong></span> <span class='ocrx_word' id='word_1_133' title='bbox 370 2403 482 2460; x_wconf 75' lang='lat' dir='ltr'><strong>Graecos</strong></span> <span class='ocrx_word' id='word_1_134' title='bbox 494 2403 625 2474; x_wconf 84' lang='lat' dir='ltr'><strong>facerem,</strong></span> <span class='ocrx_word' id='word_1_135' title='bbox 640 2413 722 2462; x_wconf 88' lang='lat' dir='ltr'><strong>natus</strong></span> <span class='ocrx_word' id='word_1_136' title='bbox 734 2423 812 2462; x_wconf 85' lang='lat' dir='ltr'><strong>mare</strong></span> <span class='ocrx_word' id='word_1_137' title='bbox 822 2404 902 2477; x_wconf 87' lang='lat' dir='ltr'><strong>citra,</strong></span> 
     </span>
     <span class='ocr_line' id='line_1_23' title="bbox 110 2487 955 2578; baseline 0.002 -16"><span class='ocrx_word' id='word_1_138' title='bbox 110 2505 280 2575; x_wconf 81' lang='lat' dir='ltr'><strong>Versiculos,</strong></span> <span class='ocrx_word' id='word_1_139' title='bbox 294 2505 386 2562; x_wconf 92' lang='lat' dir='ltr'><strong>vetuit</strong></span> <span class='ocrx_word' id='word_1_140' title='bbox 399 2505 449 2563; x_wconf 84' lang='lat' dir='ltr'><strong>tali</strong></span> <span class='ocrx_word' id='word_1_141' title='bbox 462 2525 510 2563; x_wconf 90' lang='lat' dir='ltr'><strong>me</strong></span> <span class='ocrx_word' id='word_1_142' title='bbox 522 2525 590 2563; x_wconf 90' lang='lat' dir='ltr'><strong>voce</strong></span> <span class='ocrx_word' id='word_1_143' title='bbox 609 2505 757 2578; x_wconf 76' lang='lat' dir='ltr'><strong>Quirinus,</strong></span> <span class='ocrx_word' id='word_1_144' title='bbox 950 2487 955 2504; x_wconf 55' lang='lat'>¹</span> 
     </span>
     <span class='ocr_line' id='line_1_24' title="bbox 111 2609 827 2680; baseline 0.007 -13"><span class='ocrx_word' id='word_1_145' title='bbox 111 2609 175 2668; x_wconf 88' lang='lat' dir='ltr'><strong>Post</strong></span> <span class='ocrx_word' id='word_1_146' title='bbox 186 2609 312 2667; x_wconf 88' lang='lat' dir='ltr'><strong>mediam</strong></span> <span class='ocrx_word' id='word_1_147' title='bbox 325 2609 438 2666; x_wconf 76' lang='lat' dir='ltr'><strong>noctem</strong></span> <span class='ocrx_word' id='word_1_148' title='bbox 449 2609 531 2680; x_wconf 85' lang='lat' dir='ltr'><strong>visus,</strong></span> <span class='ocrx_word' id='word_1_149' title='bbox 552 2629 619 2668; x_wconf 89' lang='lat' dir='ltr'><strong>cum</strong></span> <span class='ocrx_word' id='word_1_150' title='bbox 630 2609 827 2672; x_wconf 68' lang='lat' dir='ltr'><strong>somniaverat</strong></span> 
     </span>
    </p>

    <p class='ocr_par' dir='ltr' id='par_1_9' title="bbox 111 2711 731 2789">
     <span class='ocr_line' id='line_1_25' title="bbox 111 2711 731 2789; baseline 0 -19"><span class='ocrx_word' id='word_1_151' title='bbox 111 2714 149 2770; x_wconf 90' lang='lat' dir='ltr'><strong>In</strong></span> <span class='ocrx_word' id='word_1_152' title='bbox 161 2713 260 2770; x_wconf 84' lang='lat' dir='ltr'><strong>silvam</strong></span> <span class='ocrx_word' id='word_1_153' title='bbox 270 2731 329 2769; x_wconf 92' lang='lat' dir='ltr'><strong>non</strong></span> <span class='ocrx_word' id='word_1_154' title='bbox 341 2712 420 2789; x_wconf 85' lang='lat' dir='ltr'><strong>ligna</strong></span> <span class='ocrx_word' id='word_1_155' title='bbox 432 2712 504 2770; x_wconf 89' lang='lat' dir='ltr'><strong>seras</strong></span> <span class='ocrx_word' id='word_1_156' title='bbox 515 2711 649 2784; x_wconf 88' lang='lat' dir='ltr'><strong>insanius,</strong></span> <span class='ocrx_word' id='word_1_157' title='bbox 664 2733 696 2770; x_wconf 90' lang='lat' dir='ltr'><strong>ac</strong></span> <span class='ocrx_word' id='word_1_158' title='bbox 710 2715 731 2770; x_wconf 87' lang='lat' dir='ltr'>fi</span> 
     </span>
    </p>

    <p class='ocr_par' dir='ltr' id='par_1_10' title="bbox 109 2805 914 3098">
     <span class='ocr_line' id='line_1_26' title="bbox 111 2805 783 2892; baseline 0 -19"><span class='ocrx_word' id='word_1_159' title='bbox 111 2817 237 2892; x_wconf 84' lang='lat' dir='ltr'><strong>Magnas</strong></span> <span class='ocrx_word' id='word_1_160' title='bbox 250 2805 415 2872; x_wconf 82' lang='lat' dir='ltr'><strong>Graecoru&#39;m</strong></span> <span class='ocrx_word' id='word_1_161' title='bbox 426 2815 508 2872; x_wconf 86' lang='lat' dir='ltr'><strong>malis</strong></span> <span class='ocrx_word' id='word_1_162' title='bbox 521 2814 639 2890; x_wconf 88' lang='lat' dir='ltr'><strong>implere</strong></span> <span class='ocrx_word' id='word_1_163' title='bbox 651 2805 783 2873; x_wconf 76' lang='lat' dir='ltr'><strong>cateivas.</strong></span> 
     </span>
     <span class='ocr_line' id='line_1_27' title="bbox 109 2915 914 2996; baseline 0 -20"><span class='ocrx_word' id='word_1_164' title='bbox 109 2918 256 2996; x_wconf 85' lang='lat' dir='ltr'><strong>Turgidus</strong></span> <span class='ocrx_word' id='word_1_165' title='bbox 264 2917 387 2994; x_wconf 89' lang='lat' dir='ltr'><strong>Alpinus</strong></span> <span class='ocrx_word' id='word_1_166' title='bbox 396 2915 511 2994; x_wconf 85' lang='lat' dir='ltr'><strong>jugulat</strong></span> <span class='ocrx_word' id='word_1_167' title='bbox 523 2919 593 2975; x_wconf 91' lang='lat' dir='ltr'><strong>dum</strong></span> <span class='ocrx_word' id='word_1_168' title='bbox 606 2919 773 2987; x_wconf 87' lang='lat' dir='ltr'><strong>Memnona,</strong></span> <span class='ocrx_word' id='word_1_169' title='bbox 787 2918 914 2994; x_wconf 84' lang='lat' dir='ltr'><strong>dumque</strong></span> 
     </span>
     <span class='ocr_line' id='line_1_28' title="bbox 111 3020 822 3098; baseline -0.003 -18"><span class='ocrx_word' id='word_1_170' title='bbox 111 3021 244 3098; x_wconf 85' lang='lat' dir='ltr'><strong>Delingit</strong></span> <span class='ocrx_word' id='word_1_171' title='bbox 257 3021 351 3078; x_wconf 91' lang='lat' dir='ltr'><strong>Rheni</strong></span> <span class='ocrx_word' id='word_1_172' title='bbox 361 3021 474 3078; x_wconf 90' lang='lat' dir='ltr'><strong>luteum</strong></span> <span class='ocrx_word' id='word_1_173' title='bbox 485 3029 584 3097; x_wconf 78' lang='lat' dir='ltr'><strong>caput3</strong></span> <span class='ocrx_word' id='word_1_174' title='bbox 606 3021 667 3078; x_wconf 86' lang='lat' dir='ltr'><strong>haec</strong></span> <span class='ocrx_word' id='word_1_175' title='bbox 679 3040 732 3096; x_wconf 86' lang='lat' dir='ltr'><strong>ego</strong></span> <span class='ocrx_word' id='word_1_176' title='bbox 745 3020 822 3092; x_wconf 86' lang='lat' dir='ltr'><strong>ludo,</strong></span> 
     </span>
    </p>

    <p class='ocr_par' dir='ltr' id='par_1_11' title="bbox 113 3121 916 3209">
     <span class='ocr_line' id='line_1_29' title="bbox 113 3121 916 3209; baseline -0.002 -26"><span class='ocrx_word' id='word_1_177' title='bbox 113 3126 193 3183; x_wconf 79' lang='lat' dir='ltr'><strong>Quae</strong></span> <span class='ocrx_word' id='word_1_178' title='bbox 207 3143 260 3184; x_wconf 85' lang='lat' dir='ltr'><strong>nec</strong></span> <span class='ocrx_word' id='word_1_179' title='bbox 271 3123 304 3190; x_wconf 77' lang='lat' dir='ltr'><strong>in</strong></span> <span class='ocrx_word' id='word_1_180' title='bbox 316 3124 394 3182; x_wconf 86' lang='lat' dir='ltr'><strong>AEde</strong></span> <span class='ocrx_word' id='word_1_181' title='bbox 407 3122 507 3185; x_wconf 92' lang='lat' dir='ltr'><strong>sonent</strong></span> <span class='ocrx_word' id='word_1_182' title='bbox 516 3123 662 3209; x_wconf 82' lang='lat' dir='ltr'><strong>certantia,</strong></span> <span class='ocrx_word' id='word_1_183' title='bbox 672 3121 768 3198; x_wconf 90' lang='lat' dir='ltr'><strong>judice</strong></span> <span class='ocrx_word' id='word_1_184' title='bbox 778 3123 890 3199; x_wconf 57' lang='lat' dir='ltr'><strong>Tarpa,</strong></span> <span class='ocrx_word' id='word_1_185' title='bbox 915 3147 916 3150; x_wconf 42' lang='lat'>¹</span> 
     </span>
    </p>
   </div>
   <div class='ocr_carea' id='block_1_7' title="bbox 0 0 1131 3680">
    <p class='ocr_par' dir='ltr' id='par_1_12' title="bbox 0 0 1131 3680">
     <span class='ocr_line' id='line_1_30' title="bbox 0 0 1131 3680; baseline 0 0"><span class='ocrx_word' id='word_1_186' title='bbox 0 0 1131 3680; x_wconf 95' lang='lat' dir='ltr'><strong> </strong></span> 
     </span>
    </p>
   </div>
  </div>
 </body>
</html>
