2242 3680
204 237 243 298 σσ
429 231 736 317 sannionum,

119 395 124 406 ’
202 367 257 424 Nil
270 367 320 424 nisi
334 369 398 428 lene
410 371 505 430 decet:
527 373 584 430 leni
597 371 749 450 praecordia
762 368 854 428 mulso

203 469 339 527 Prolueris
353 472 462 530 meiius.
503 475 531 532 Si
545 476 614 534 dura
626 473 782 532 morabitur
793 473 880 541 alvus,

203 572 326 648 Mytilus
339 585 369 631 et
382 575 450 633 viles
462 576 567 653 pellent
580 576 716 634 obstantia
729 575 853 645 conchae,

202 673 241 732 Et
254 675 362 752 lapathi
377 677 468 735 brevis
481 679 577 749 herba,
591 679 639 736 sed
653 679 717 736 albo
729 689 786 734 non
801 678 859 734 sme
871 676 944 733 Coo.

203 779 324 837 Lubrica
339 780 482 838 nascentes
497 781 618 858 implent
630 780 779 857 conchylia
792 779 880 836 lunae:

203 882 257 938 Sed
268 901 422 940 nonomne
433 903 512 940 mare
524 885 563 946 est
576 883 717 960 generosae
731 881 824 940 fertile
837 881 922 938 testae.

202 983 314 1041 Murice
328 985 433 1042 Baiano
447 986 548 1042 melior
560 985 682 1042 Lucn'na
695 984 810 1061 peloris:

202 1085 299 1144 Ossrea
314 1087 440 1156 Circeiis,
453 1087 566 1144 Miseno
579 1087 709 1144 oriuntur
721 1086 829 1155 echini;

202 1188 361 1245 Pestinibus
374 1188 478 1264 patulis
486 1187 573 1264 jadat
588 1189 616 1246 se
629 1189 714 1246 molle
724 1190 890 1246 Tarentum.

202 1290 267 1346 Nec
280 1291 330 1348 fibi
344 1309 489 1348 coenarum
502 1291 594 1366 quivis
607 1304 713 1348 temere
726 1301 836 1366 arroget
849 1300 948 1360 artem,

202 1392 272 1448 Non
285 1392 362 1469 prius
374 1393 473 1450 exusti
486 1393 565 1450 tenui
578 1393 687 1452 ratione
700 1393 838 1470 saporum.

201 1495 267 1551 Nec
280 1495 344 1552 satis
357 1496 395 1553 est
410 1497 473 1553 card
485 1496 571 1572 pisces
584 1513 708 1554 averrere
719 1495 825 1565 mensd,

203 1597 340 1672 Ignarum
354 1599 455 1673 quibus
468 1600 507 1655 est
516 1597 562 1674 jus
575 1599 676 1674 aptius,
690 1607 720 1656 et
732 1597 834 1673 quibus
847 1598 909 1656 assis

203 1699 367 1774 Languidus
380 1700 411 1756 in
424 1701 554 1758 cubitum
563 1700 624 1776 jam
637 1701 665 1757 se
677 1699 795 1757 conviva
807 1711 933 1775 reponet.

201 1801 322 1871 Umber,
334 1811 372 1870 et,
387 1801 476 1877 ilignei
489 1803 611 1860 nutritus
624 1802 735 1878 glande,
749 1803 882 1860 rotundas

202 1904 309 1960 Curvet
323 1923 388 1978 aper
400 1905 493 1961 lances
504 1923 617 1961 carnem
631 1903 745 1962 vitantis
758 1905 893 1961 inertem:

201 2006 281 2062 Nam
295 2007 419 2063 Laurens
432 2006 524 2063 malus
537 2007 584 2075 est,
599 2005 671 2062 ulvis
684 2017 712 2062 et
726 2005 863 2064 arundine
875 2006 999 2082 pinguis.

201 2108 293 2165 Vinea
306 2108 460 2165 summittit
473 2127 585 2183 capreas
599 2127 656 2164 non
670 2107 778 2183 semper
790 2109 893 2165 edules.

201 2210 340 2267 Fecundae
352 2210 453 2285 leporis
466 2210 574 2286 sapiens
587 2208 737 2266 sectabitur
750 2228 849 2266 armos.

202 2313 323 2370 Piscibus
338 2324 422 2388 atque
434 2313 532 2369 avibus
545 2332 608 2386 quae
622 2321 721 2368 natura
734 2321 764 2368 et
778 2312 850 2370 foret
863 2323 940 2384 aetas,

202 2417 280 2471 Ante
293 2435 391 2472 meum
404 2415 475 2472 nulli
488 2414 580 2490 patuit
594 2414 708 2488 quaesrta
718 2413 854 2488 palatum.

202 2518 283 2586 Sunt,
297 2537 418 2592 quorum
431 2515 579 2590 ingenium
592 2533 664 2574 nova
678 2523 791 2572 tantum
803 2516 923 2576 crustula
934 2536 997 2594 pro·

278 2619 340 2676 mit.

200 2723 392 2798 Nequaquam
405 2722 469 2780 satis
482 2723 512 2779 in
527 2741 556 2779 re
569 2721 626 2779 und
639 2723 802 2780 consumere
815 2740 930 2782 euram:

200 2825 274 2881 Utsr
288 2825 350 2900 quis
363 2825 455 2882 solum
467 2824 529 2893 hoc,
546 2825 621 2882 mala
635 2844 670 2880 ne
684 2825 738 2882 smt
751 2826 825 2896 vina,
839 2827 958 2898 laboret,

201 2927 290 2982 Quali
302 2928 454 3002 perfundat
466 2927 553 3001 pisces
566 2926 677 2984 securus
690 2927 772 2984 olivo.

200 3028 318 3086 Maffica
332 3030 352 3085 s1
366 3030 437 3085 coelo
450 3029 587 3104 suppones
599 3028 666 3086 vina
679 3029 784 3099 seren0,

200 3129 358 3201 Nodurnat,
373 3132 393 3187 s1
408 3131 477 3205 quid
490 3132 568 3190 crassi
581 3130 629 3200 est,
644 3132 806 3190 tenuabitur
819 3134 897 3204 aura,
997 3195 1001 3204 ⁴
1108 3177 1109 3186 ,
