2254 3686
185 194 223 250 aa
424 193 737 265 sermonum,
812 185 816 196 ‘

183 319 340 396 Imperium
353 322 422 392 fore,
436 333 466 380 et
478 323 601 394 Italiam,
617 332 646 381 et
660 323 777 380 delubra
791 322 921 394 deorum3

183 423 252 485 Quo
264 433 344 500 patre
358 425 391 482 fit
404 437 495 497 natus,
510 445 581 484 num
592 426 692 503 ignoti
705 434 795 484 matre
806 425 981 499 inhonernn,

180 524 290 584 Omnes
302 529 434 586 mortales
447 547 544 588 curare
556 539 585 586 et
598 547 722 604 quaerere
734 527 820 606 cogit.

158 709 162 718 .
180 631 264 687 Tune
278 630 348 707 Syri,
362 631 473 702 Dama,
487 641 537 688 aut
550 631 670 708 Dionysi
684 630 768 700 filius,
781 631 868 688 audes

179 730 308 808 Dejicere
321 752 337 790 e
350 732 417 791 saxo
430 733 513 803 cives,
533 744 584 792 ant
596 734 704 790 tradere
718 733 844 791 Cadmo?

178 837 221 894 At
235 835 346 893 Novius
358 837 466 913 collega
480 837 569 913 gradu
581 835 642 912 post
654 854 701 892 me
713 835 790 892 sedet
804 855 874 906 nnn,

177 939 314 1014 Namque
326 939 366 996 est
378 939 436 1010 ille,
454 947 534 1014 pater
551 939 700 1014 quoderat
713 957 801 996 meus.
842 939 906 996 Hoc
920 939 974 1000 tibi

255 1041 357 1098 Paulus

177 1144 214 1200 Et
226 1142 343 1200 Meffaln
356 1143 474 1200 videris?
495 1144 539 1200 At
551 1143 606 1212 hic,
621 1143 643 1199 fi
656 1142 756 1218 plostra
769 1142 891 1201 ducenta
924 1150 927 1156 '

175 1247 408 1322 Concurrantqne
419 1246 481 1302 foro
495 1245 549 1302 tria
563 1246 671 1315 funera,
691 1263 796 1320 magna
808 1244 919 1304 sonabit

174 1347 289 1406 Cornua
308 1349 385 1424 quod
402 1347 553 1424 vincatque
572 1349 667 1405 tubas:
700 1346 800 1404 saltem
818 1356 896 1408 tenet
916 1347 972 1408 hoc

253 1471 312 1510 nos.

173 1556 261 1614 Nunc
274 1555 309 1612 ad
323 1575 370 1612 me
384 1557 474 1624 redeo,
488 1555 620 1612 libertino
633 1562 712 1630 patre
725 1562 841 1624 natum3
955 1607 960 1614 .

174 1659 272 1716 Quem
284 1659 389 1714 rodunt
401 1675 500 1714 omnes
513 1657 644 1716 libertino
657 1667 737 1733 patre
749 1667 864 1714 natum:

172 1761 269 1830 Nunc,
281 1759 347 1836 quia
357 1759 420 1816 sum
432 1758 493 1828 tibi,
505 1759 655 1829 Maecenas,
667 1759 823 1830 convictor,
840 1769 870 1818 at
877 1761 959 1832 olim,
978 1807 981 1814 r

173 1861 261 1924 Ound
273 1861 344 1921 mihi
358 1872 467 1936 pareret
480 1861 555 1938 legio
569 1862 699 1920 Romana
709 1862 832 1920 tribuno.

170 1964 312 2023 Diffimile
324 1964 378 2021 hnc
390 1963 432 2020 illi
446 1964 498 2020 est:
521 1963 587 2038 quia
601 1983 667 2034 non,
682 1974 715 2022 ut
728 1965 806 2022 forsit
818 1965 957 2026 honorem

170 2069 239 2146 Jure
251 2068 323 2126 mihi
335 2068 461 2125 invideat
473 2067 573 2144 quivis,
587 2067 626 2126 ita
641 2077 670 2126 te
680 2087 793 2144 quoque
806 2070 946 2143 amicum3

171 2171 326 2240 Praesertim
339 2179 455 2227 cautum
469 2169 570 2245 dignos
582 2169 726 2240 assumere,
740 2171 825 2246 pravd

169 2272 338 2332 Ambitione
349 2271 456 2348 procul.
496 2271 620 2328 Felicem
632 2271 726 2356 dicere
739 2291 797 2329 non
809 2273 864 2330 hoc
899 2315 902 2324 .

169 2378 221 2434 Me
234 2375 355 2452 possunt,
370 2374 434 2432 casu
447 2376 523 2451 quod
536 2383 565 2432 tc
578 2374 691 2434 sortitus
704 2376 843 2448 amicum;

169 2479 260 2550 Nulla
272 2477 383 2536 etenim
392 2477 446 2534 tibi
458 2497 506 2534 me
518 2477 576 2535 fors
589 2478 707 2535 obtulit:
730 2479 855 2556 optimus
868 2481 939 2540 olim
971 2535 979 2545 ,

168 2582 314 2659 Virgilius,
327 2581 387 2658 post
400 2581 477 2638 hunc
489 2581 599 2652 Varius,
621 2583 717 2640 dixere
730 2583 800 2659 quid
814 2585 908 2644 effem.

168 2686 212 2744 Ut
224 2683 407 2754 venicoram,
420 2684 567 2760 fingultim
578 2703 668 2760 pauca
681 2685 801 2758 loeutus,

169 2789 281 2863 (Infans
292 2805 417 2863 namque
429 2786 520 2862 pudor
532 2785 700 2862 prohibebat
712 2788 793 2864 plura
805 2789 924 2866 profari)
944 2845 949 2852 .

168 2891 237 2949 Non
251 2909 305 2966 ego
318 2909 365 2948 me
378 2889 453 2948 claro
466 2898 566 2946 natum
579 2897 666 2965 patre,
681 2909 739 2948 non
751 2910 805 2969 ego
818 2891 926 2952 circum

167 2993 220 3050 Me
233 2992 395 3050 Satureiano
407 2991 510 3050 veum·
523 3010 587 3050 rura
600 2993 716 3065 caballo,
767 2999 778 3054 ζ

167 3095 222 3154 Sed
235 3096 311 3170 quod
324 3113 410 3166 cram,
424 3113 520 3153 narro:
542 3095 704 3172 respondes„
712 3103 824 3160 ntiuus
838 3099 878 3160 est
889 3113 980 3182 mna,
