2238 3686
301 508 340 566 Q.
367 509 571 568 HORATII
597 509 778 567 FLACCI..

178 670 281 754 'DE
323 671 512 752 ARTE
561 670 879 754 POETICA

435 839 636 896 LIBER.

394 1121 675 1163 *-

130 1353 293 1458 Humido
308 1378 394 1454 capiti
407 1380 545 1445 cervicem
557 1380 648 1458 pistor
659 1380 794 1457 equinam

135 1487 260 1561 Jungere
273 1487 293 1544 sr
306 1487 384 1559 velit,
398 1498 427 1546 et
439 1490 528 1547 varias
540 1474 672 1552 inducere
684 1489 794 1565 plumas

135 1587 272 1664 Undique
285 1590 394 1648 collatis
406 1593 550 1663 membris,
564 1603 597 1650 ut
611 1592 730 1668 turpiter
743 1600 837 1648 atrum

134 1689 252 1748 Desinat
264 1691 294 1748 in
307 1692 414 1768 piscem
426 1695 529 1752 mulier
540 1693 661 1752 formosa
674 1693 806 1770 superne,

135 1792 296 1868 Speuatum
308 1796 417 1854 admiffi
430 1797 518 1854 risum
531 1795 665 1859 teneatis?
687 1795 780 1867 amici,
815 1811 819 1818 ·

134 1896 260 1966 Credite,
272 1899 392 1969 Pisones,
402 1899 447 1957 ish'
460 1900 564 1957 tabulae
575 1901 636 1957 fore
649 1899 755 1956 librum

134 1999 315 2072 Persrmilem,
328 2001 415 2078 cujus,
429 2002 507 2059 velut
520 2002 589 2078 aegri
601 2001 718 2074 somnia,
732 2021 812 2058 vanae

134 2101 292 2179 Fingentur
302 2104 404 2180 species
411 2130 419 2176 ;
441 2114 474 2163 ut
487 2123 539 2164 nec
550 2123 608 2181 pes,
621 2123 674 2162 nec
684 2114 779 2180 caput,
799 2102 851 2161 uni

133 2205 279 2264 Reddatur
290 2207 399 2267 formae.
438 2207 592 2266 Pinoribus
605 2215 690 2284 atque
702 2207 792 2283 poetis
836 2247 838 2252 -

133 2307 285 2366 Quidlibet
297 2309 420 2368 audendi
433 2311 542 2387 semper
554 2310 611 2367 fuit
624 2329 704 2386 aequa
715 2311 842 2387 potestas.

131 2409 250 2483 Scimus,
271 2421 302 2470 et
314 2413 388 2471 hanc
402 2412 515 2474 veniam
527 2413 706 2490 petimusque
718 2414 873 2490 dmnusque
884 2413 926 2474 vi·

210 2515 313 2574 eiffim:
748 2595 750 2602 γ

132 2619 187 2676 Sed
201 2637 258 2676 non
270 2628 303 2676 ut
314 2619 431 2695 placidis
443 2620 543 2678 co'e'ant
555 2618 692 2691 immitia3
715 2639 773 2678 non
786 2630 820 2678 ut

132 2723 277 2798 Serpentes
291 2721 388 2779 avibus
400 2721 588 2798 geminentur,
603 2721 721 2800 tigribus
734 2723 810 2800 agni.

130 2825 254 2900 Inceptis
265 2825 396 2902 gravibus
405 2825 580 2900 plerumque,
594 2833 623 2881 et
635 2843 740 2902 magna
751 2824 885 2900 profestis,

131 2929 299 3004 Purpureus,
311 2928 368 2984 late
381 2926 430 3003 qui
443 2927 596 3004 splendeat,
610 2947 683 2986 unus
695 2937 725 2984 et
738 2927 809 2984 alter

129 3029 259 3089 Assuitur
270 3049 380 3106 pannus
387 3055 396 3101 5
418 3049 486 3088 cum
497 3030 586 3100 lucus,
599 3039 629 3087 et
641 3048 688 3087 ara
700 3028 810 3100 Dianae,

130 3135 168 3192 Et
179 3135 352 3212 properantis
365 3152 445 3210 aquae
458 3152 509 3211 per
521 3151 646 3191 amoenos
658 3131 781 3190 ambitus
794 3150 884 3210 agros,
