2238 3686
203 209 243 272 ea
419 202 789 272 EPISTOLARUM‚

203 327 259 396 Tu,
273 336 375 402 quotus
388 328 442 386 effe
455 327 532 399 velis,
546 329 665 388 rescribe
672 354 681 401 5
703 339 742 400 et,
756 331 839 386 rebus
852 327 966 398 omiffis,
984 349 987 354 ·
1090 365 1094 382 .

204 431 287 488 Atria
300 431 457 490 servantem
467 432 572 508 postico
585 431 653 490 salle
665 432 809 490 clientem.

424 805 688 864 EPISTOLA
727 805 782 863 VI.¹

482 983 523 1020 AD
545 981 723 1021 NUMICIUM.

200 1149 232 1206 N
234 1169 265 1205 11.
280 1147 411 1207 admirari
423 1170 510 1227 prope
522 1171 565 1209 res
578 1153 618 1209 est
630 1171 697 1221 una,
711 1150 840 1220 Numici,

199 1252 328 1327 Solaque,
342 1272 406 1328 quae
418 1255 503 1329 poffit
514 1255 606 1312 facere
618 1264 647 1311 et
661 1254 768 1312 servare
782 1254 907 1310 beatum.

198 1355 286 1412 Hunc
299 1355 395 1427 solem,
409 1366 440 1414 et
452 1357 550 1426 stellas,
564 1366 594 1414 et
607 1355 772 1414 decedentia
785 1355 869 1412 certis

196 1458 339 1534 Tempora
352 1461 512 1530 momentis,
527 1459 602 1530 sunt,
616 1458 666 1534 qui
678 1457 831 1516 formidine
844 1457 924 1514 nulla

197 1561 306 1617 Imbuti
319 1562 452 1637 spestent.
494 1561 574 1620 Quid
584 1561 678 1618 censes
691 1577 809 1617 munera
823 1561 921 1616 terrae?

199 1662 279 1719 Quid
293 1663 378 1720 maris
390 1675 531 1722 extremos
544 1666 653 1722 Arabas
665 1662 790 1732 ditantis,
802 1671 833 1718 et
846 1663 949 1718 Indos?

197 1764 319 1820 Ludicra
332 1763 411 1839 quid,
424 1766 546 1841 plausus,
560 1775 589 1822 et
602 1765 687 1823 amici
699 1767 774 1824 dona
789 1764 927 1820 Quiritis?

198 1868 266 1924 Ouo
279 1868 428 1943 speetanda
441 1871 535 1940 modo,
554 1888 612 1945 quo
625 1869 706 1926 sensu
719 1868 817 1938 credis,
832 1877 862 1926 et
874 1870 941 1925 ore?

197 1970 259 2027 Qui
272 1969 355 2030 timet
367 1970 410 2027 his
424 1971 546 2042 adversa,
561 1971 619 2028 fere
631 1971 752 2028 miratur
764 1971 866 2028 eodem

197 2074 266 2130 Quo
278 2073 392 2149 cupiens
405 2075 501 2149 penko:
523 2089 611 2150 pavor
622 2074 661 2132 est
673 2073 824 2148 utrobique
837 2073 984 2132 molestus:

194 2176 351 2253 Improvisa
364 2177 447 2234 fimul
460 2177 564 2252 species
577 2187 699 2235 exterret
711 2187 874 2252 utrumque.

195 2278 335 2350 Gaudeat,
364 2299 401 2336 an
420 2279 527 2350 doleat5
554 2279 659 2354 cupiat,
681 2287 842 2350 metuatne5
869 2279 939 2355 quid
960 2280 997 2338 ad

272 2401 341 2452 rem,

194 2483 232 2554 si,
247 2483 383 2558 quicquid
396 2485 468 2542 vidit
480 2483 581 2542 melius
594 2483 708 2560 pejusve
720 2484 769 2542 sua
782 2485 838 2560 spe,

194 2583 303 2644 Defixis
316 2586 413 2656 oculis,
433 2587 585 2662 animoque
598 2595 627 2643 et
640 2605 755 2662 corpore
768 2591 878 2663 torpet?

193 2688 289 2746 Insani
302 2688 410 2763 sapiens
424 2707 528 2746 nomen
540 2689 621 2760 ferat,
635 2708 732 2764 aequus
744 2689 845 2764 iniqui,

192 2793 277 2850 Ultra
290 2811 378 2867 quam
390 2791 455 2848 satis
466 2791 506 2847 est
517 2791 654 2848 virtutem
666 2793 686 2848 fi
699 2801 779 2867 petat
790 2792 893 2867 ipsam.=

192 2895 207 2951 I
228 2913 315 2965 nunc,
339 2901 498 2972 argentum,
521 2902 552 2950 et
571 2913 695 2952 mannor
712 2902 802 2966 vetus,
823 2911 945 2972 aeraque,
965 2905 994 2956 et

270 3009 351 3069 artes,

190 3099 317 3175 Suspice5
339 3119 406 3159 cum
419 3099 539 3176 gemmis
550 3100 652 3177 Tyrios
665 3100 767 3160 mirare
780 3103 901 3163 colores:
