2238 3686
154 219 216 286 ,tao
332 221 391 280 DE
416 223 538 280 ARTE
562 219 772 280 POETlCri.

157 344 256 404 Quam
268 347 289 404 si
302 347 439 423 proferres
451 348 549 426 ignota
562 347 723 423 indit’taque
736 344 865 421 primus.

156 449 271 506 Publica
285 449 415 516 materiei
427 450 528 526 privati
538 449 608 526 juris
619 449 680 518 erit,
698 449 719 506 fi

155 549 219 608 Nec
228 550 304 624 ,circa
316 551 403 626 vilem
415 553 601 629 patulumque
614 549 765 609 moraberis
777 551 908 617 orbem5

154 652 186 709 N
187 673 219 710 ec
233 657 350 734 verbum
362 658 448 712 verbo
460 654 570 714 curabis
582 654 698 711 reddere
709 652 784 708 fidus

155 757 308 832 Interpres;
329 777 384 832 pec
397 757 503 816 defilies
517 754 644 814 imitator
656 755 687 812 in
701 754 819 823 arctum,

153 859 240 917 Unde
252 861 353 936 pedem
366 861 489 936 proferre
501 862 593 936 pudor
604 868 691 929 vetet,
709 867 759 916 ant
770 857 865 933 operis
880 857 949 914 lex.

153 961 217 1018 Nec
230 961 267 1018 fic
280 961 405 1038 incipies,
419 973 452 1020 ut
464 962 581 1038 scriptor
592 960 794 1038 cycliusolim:

153 1068 162 1139 f
173 1063 327 1123 Fortunam
339 1064 441 1122 Priami
453 1067 583 1134 cantabo,
596 1073 626 1122 et
639 1063 734 1122 nobile
746 1062 873 1120 bellum'

153 1165 234 1235 Quid
248 1167 369 1244 dignum
382 1177 462 1232 tanto
474 1167 545 1226 feret
558 1167 605 1224 hic
617 1164 763 1242 promissor
776 1163 875 1222 biatu?

151 1269 313 1327 Parturiunt
326 1279 445 1339 montes,
459 1269 588 1326 nascetur
599 1268 733 1326 ridiculus
746 1286 818 1324 mua.

152 1370 270 1428 Quanto
284 1371 385 1430 rettius
398 1371 454 1440 hic,
471 1371 520 1446 qui
534 1371 575 1427 nil
586 1370 703 1428 molitur
715 1369 831 1445 inepte?
850 1371 853 1381 ’

150 1478 159 1504 ‘
173 1473 228 1530 Dic
242 1473 323 1544 mihi,
338 1474 431 1545 Musa,
445 1473 546 1543 virum,
559 1481 648 1549 caprae
659 1473 721 1548 post
730 1470 836 1529 incenia
843 1469 960 1542 Troiae,

151 1581 160 1606 ‘
175 1575 236 1633 uui
249 1595 340 1634 mores
353 1575 503 1634 hominum
514 1576 670 1633 multorum
682 1573 763 1644 vidit,
776 1583 806 1631 et
817 1576 921 1631 urbes!

150 1678 219 1734 Non
232 1679 345 1736 sumum
358 1697 394 1734 eu
407 1678 527 1754 fulgore,
545 1677 592 1734 fed
604 1697 641 1734 ex
655 1678 735 1734 fumo
747 1678 813 1734 dare
823 1676 930 1746 lucem,
1033 1761 1036 1768 Ι
1093 1763 1096 1774 Ι

150 1779 266 1864 Cogitat
273 1805 281 1849 ς
302 1787 336 1849 ut
348 1778 469 1854 speciosa
482 1778 585 1837 dehinc
598 1778 733 1838 miracula
746 1789 869 1854 promat,
943 1805 946 1810 ·

150 1882 347 1963 Antiphatem,
364 1881 550 1959 Scyllamque,
561 1890 590 1940 et
601 1900 668 1940 cum
678 1881 804 1960 Cyclope
815 1881 949 1958 Charyb·

228 1984 301 2043 dim:
625 2013 628 2018 ·
730 2049 732 2054 ,

150 2088 214 2168 Nec
227 2087 349 2144 reditum
363 2087 508 2155 Diomedis
521 2091 557 2146 ab
569 2087 687 2148 interitu
697 2089 848 2166 Meleagri,

149 2189 213 2270 Nec
224 2188 340 2265 ‘gemino
353 2189 460 2248 bellum
469 2190 626 2248 Troianum
636 2191 744 2250 orditur
754 2194 791 2248 ob
805 2211 869 2250 ovo.

149 2291 264 2366 Semper
277 2292 312 2348 ad
325 2300 458 2366 euentum
470 2291 590 2362 festinat,
605 2300 634 2350 et
646 2292 676 2350 in
690 2293 796 2350 medias
809 2313 861 2364 res,

149 2393 219 2450 Non
232 2391 309 2450 secus
321 2412 354 2450 ac
368 2404 457 2464 notas,
471 2393 628 2452 auditorem
640 2393 714 2470 rapit
719 2419 735 2465 5-
750 2404 789 2466 et,
803 2415 867 2471 quae
890 2437 892 2442 -

149 2494 286 2570 Desperat
299 2495 416 2552 tradate
429 2495 563 2554 nitescere
576 2495 660 2572 posse,
678 2496 827 2573 relinquit,

149 2595 247 2673 Atque
258 2595 298 2654 ita
311 2597 456 2668 mentitur,
473 2598 510 2656 sic
524 2597 594 2656 reris
607 2598 677 2658 falsa
689 2599 829 2668 remiscet,

150 2699 244 2776 Primo
257 2718 293 2756 ne
304 2698 439 2769 medium,
453 2697 547 2756 medio
560 2718 596 2758 ne
609 2699 747 2776 discrepet
759 2701 860 2762 imum.

148 2804 205 2874 Tu,
219 2801 288 2878 quid
300 2821 361 2879 ego,
376 2813 405 2860 et
417 2801 536 2878 populus
549 2821 663 2860 mecum
674 2803 819 2875 desideret,
832 2805 914 2876 audi,

148 2905 179 2962 Si
193 2904 308 2972 fautoris
321 2917 386 2982 eges
397 2905 484 2962 aulaea
497 2904 647 2974 manentis,
660 2914 689 2962 et
700 2925 789 2980 usque

149 3007 259 3078 Seffuri,
271 3008 360 3066 donec
370 3015 476 3078 cantor,
489 3007 548 3064 Vos
558 3006 693 3083 plaudite,
707 3006 799 3066 dicat:

148 3109 257 3166 AEtatis
270 3107 402 3190 cujusque
415 3108 532 3178 notandi
543 3108 609 3167 sunt
621 3109 674 3178 tibi
687 3128 777 3170 mores
784 3134 794 3182 i
890 3117 893 3121 ’
942 3163 949 3172 .
