2238 3686
403 227 454 284 LI
465 227 497 284 B.
526 227 549 284 I.
585 227 630 284 iii.
886 235 927 297 95

111 349 161 406 An
177 348 287 427 tragici
300 351 415 410 desaevit
428 361 459 412 et
472 350 645 429 ampullatur
658 348 688 410 in
700 356 779 410 arte?

113 452 195 508 Quid
209 452 284 510 mihi
298 454 395 512 Celsus
409 455 488 532 agit?
511 455 644 527 monitus,
660 457 841 531 multumque
855 475 917 513 mo·

192 557 313 627 nendus‚

111 657 239 716 Privatas
253 669 286 718 ut
300 670 408 736 quaerat
421 679 496 736 opeq
516 671 546 718 et
558 670 675 740 tangere
690 663 761 720 vitet

112 761 234 836 Scripta,
247 763 391 820 Palatinus
402 782 589 839 quaecumque
602 765 709 840 recepit
722 765 845 840 Apollo:

112 865 170 934 Ne,
186 866 206 920 s1
220 865 294 922 forte
307 867 369 924 suas
382 867 537 942 repetitum
549 867 659 924 venerit
671 868 742 924 olim

112 967 192 1024 Grex
205 967 303 1024 avium
315 970 435 1044 plumas,
450 981 563 1028 moveat
576 970 719 1027 cornicula
732 970 821 1028 risum

113 1069 236 1127 Furtivis
249 1073 357 1129 nudata
371 1072 519 1129 coloribus.
560 1073 623 1148 Ipse
634 1074 704 1150 quid
718 1076 823 1131 audes?

114 1173 190 1230 Quae
203 1172 413 1268 circuqulitas
424 1175 506 1252 agilis
519 1177 636 1252 thyina?
659 1197 716 1234 non
731 1177 783 1234 tibi
797 1197 926 1262 parvum-¹

113 1276 277 1352 Ingenium,
291 1297 349 1334 non
362 1277 504 1335 incultum
516 1279 564 1347 est,
583 1289 612 1336 et
625 1280 746 1355 turpiter
759 1280 877 1341 hirtum.

112 1381 170 1438 Seu
182 1379 313 1458 linguam
325 1381 412 1449 causis
427 1382 512 1451 acuis,
535 1383 584 1439 seu
597 1382 686 1438 civica
695 1381 759 1458 jura

114 1483 294 1559 Respondete
307 1501 396 1559 parua,
411 1483 460 1541 seu
473 1485 570 1541 condis
583 1485 705 1542 amabile
719 1504 832 1542 carmen
839 1512 847 1556 3

114 1586 207 1643 Prima
221 1587 293 1643 feres
307 1586 418 1644 hederae
431 1587 552 1645 victricis
564 1587 695 1662 praemia:
718 1590 794 1663 quod
808 1589 829 1645 fi

115 1689 228 1766 Frigida
242 1709 374 1747 curarum
386 1691 514 1748 fomenta
527 1691 685 1766 relinquere
698 1691 795 1766 palles,

116 1793 184 1849 Quo
198 1802 227 1849 te
238 1793 354 1849 coelestis
367 1793 504 1869 sapientia
518 1795 641 1864 duceret,
655 1794 717 1852 ires.

114 1895 180 1952 Hoc
191 1915 270 1971 opus,
282 1895 336 1953 hoc
348 1896 480 1966 studium,
489 1896 568 1972 parvi
579 1917 769 1973 properemus,
778 1906 808 1955 et
817 1899 900 1975 ampli
905 1943 919 1971 ,.

116 1998 144 2054 Si
156 1999 256 2075 patriae
268 2000 409 2069 volumuS,
424 1999 445 2056 fi
458 1999 548 2070 nobis,
562 1999 657 2058 vivere
670 2000 737 2058 cari.

114 2102 209 2159 Debes
223 2102 278 2158 hoc
290 2101 378 2160 etiarn
391 2102 551 2171 rescribere,
567 2102 595 2158 Si
609 2103 662 2160 tibi
675 2123 750 2160 curae
763 2106 811 2174 est,

116 2205 243 2262 Quanta
253 2205 412 2275 conveniat,
426 2205 576 2262 Munatius
584 2229 593 2275 ;
615 2225 651 2262 an
662 2207 737 2263 male
751 2207 823 2264 sarta

114 2308 213 2366 Gratia
227 2308 419 2383 nequicquam
431 2307 498 2377 coit,
512 2318 541 2364 et
554 2308 738 2366 rescinditur:
761 2329 792 2365 ac
807 2331 854 2367 vos

114 2412 169 2468 Seu
180 2410 290 2468 calidus
305 2410 426 2486 sanguis,
441 2410 490 2468 seu
501 2429 596 2467 rerum
607 2409 719 2467 inscitia
732 2421 826 2482 vexat,

114 2513 260 2572 Indomiti
270 2512 377 2570 cervice
390 2513 472 2570 seros.
513 2512 687 2587 Ubicunque
699 2513 827 2571 locorum

114 2617 229 2686 Vivitis,
243 2615 354 2692 indigni
368 2616 525 2672 fraternum
538 2597 668 2691 rumpere
681 2616 781 2686 foedus,

115 2719 240 2778 Pascitur
253 2719 283 2775 in
297 2719 418 2776 vestium
430 2719 554 2776 reditum
566 2701 660 2778 vctiva
666 2717 796 2795 juvenca.
