2242 3680
209 233 246 292 ro
439 231 759 310 sn'nMouuu,
855 205 857 210 ’

199 362 270 448 ΓΟιιὶ
280 369 390 421 teneros
400 366 494 423 caules
507 365 592 424 alieni
606 367 723 443 fregerit
734 365 819 436 horti,
886 365 889 370 ’
993 365 1000 382 “

207 466 245 521 Et
258 467 308 540 qui
321 467 473 526 nostumus
487 469 587 528 diviinr
600 468 675 528 saera
688 469 798 546 legerit.
838 468 923 527 Adsit

207 567 326 643 Regula,
340 569 461 644 peccatis
475 591 539 646 quae
551 589 648 652 poenas
661 572 766 649 irroget
777 591 886 648 aequas:

206 670 255 726 Ne
267 670 372 730 scutica
386 672 508 749 dignum
521 673 649 732 horribili
659 675 763 732 sedere
775 675 899 751 flagello.

177 825 180 838 ,
205 773 238 828 N
239 791 295 841 am,
309 782 343 830 ut
355 774 445 832 serula
457 777 546 833 caedas
558 775 695 834 meritum
705 776 812 854 majora
822 777 915 834 subire

205 875 339 947 Verbera,
354 894 412 934 non
425 896 535 950 vereor,
557 897 624 936 cum
637 879 713 936 dicas
725 879 779 936 effe
790 899 870 955 pares
884 898 927 937 res

204 979 291 1036 Furta
304 980 467 1052 latrociniis,
480 989 509 1038 et
520 981 631 1058 magnis
643 1000 729 1056 parva
740 981 864 1051 mineris,

204 1081 288 1138 Falce
300 1081 454 1140 recisurum
467 1082 551 1141 simili
564 1092 601 1155 te,
616 1084 637 1140 fi
648 1083 702 1140 tibi
714 1103 836 1160 regnum

205 1184 373 1242 Permittant
384 1184 522 1242 homines.
562 1185 591 1242 Si
605 1185 689 1256 dives,
703 1186 753 1261 qui
765 1186 875 1263 sapiens
887 1188 935 1258 eti,

205 1287 244 1344 Et
256 1287 332 1344 sutor
342 1289 441 1358 bonus,
452 1295 482 1344 et
495 1287 568 1344 solus
581 1287 726 1358 formosus,
747 1295 777 1345 et
790 1289 829 1346 est
839 1308 903 1359 rex,

203 1390 266 1446 Cur
278 1399 357 1465 optas
370 1391 447 1466 quod
462 1389 564 1447 habes?
589 1389 751 1460 Nonndsti,
771 1390 840 1465 quid
857 1400 946 1466 pater,
959 1390 1006 1450 in·

283 1492 354 1568 quit,
694 1559 695 1564 ,

118 1585 120 1590 ’
204 1595 378 1671 Chrysippus
389 1593 481 1652 dicat?
504 1593 618 1670 Sapiens
630 1593 756 1670 crepidas
769 1594 820 1651 fibi
833 1613 984 1672 nunquam

204 1697 237 1754 N
237 1715 269 1754 ec
282 1696 369 1755 soleas
381 1696 461 1768 fecit,
485 1697 562 1754 sutor
574 1705 671 1754 tamen
684 1697 723 1754 est
734 1695 850 1772 sapiens.
882 1699 962 1756 Qui?

204 1799 257 1868 Ut,
269 1798 395 1874 quamvis
406 1806 481 1855 tacet
491 1799 695 1875 Hermogenes,
701 1807 799 1857 cantor
809 1809 906 1858 tamen
917 1810 1005 1878 atque

202 1901 339 1977 Optimus
351 1901 390 1958 est
400 1900 574 1972 modulator,
595 1911 629 1958 ut
641 1901 763 1959 Alfenus
775 1903 862 1973 vafer,
876 1901 957 1962 omni

202 2001 325 2082 Abjebto
338 2003 521 2062 itfflrumento
535 2003 610 2076 artis,
627 2003 776 2085 clausique
787 2007 912 2077 taberne,

202 2102 313 2164 Tonsor
323 2101 396 2176 erat3
407 2098 409 2102 ’
421 2105 529 2182 sapiens
542 2105 633 2183 operis
643 2107 681 2164 fic
693 2106 817 2182 optimus
830 2109 927 2166 omnis

168 2270 170 2274 ,
204 2209 252 2266 Est
264 2208 360 2284 opifex
373 2208 445 2266 solus
451 2233 459 2279 ;
482 2208 519 2265 fic
531 2227 590 2266 rex.
629 2209 750 2266 Vellunt
762 2209 815 2267 tibi
827 2213 945 2270 barbam

124 2325 126 2332 ¹
204 2309 313 2368 Lascivi
325 2311 418 2387 pueri3
440 2329 510 2386 quos
523 2319 556 2368 tu
566 2310 619 2368 nisi
629 2311 701 2368 fuste
713 2312 833 2383 coirces,

203 2413 340 2489 Urgueris
352 2415 435 2472 turbd
447 2414 555 2472 circum
568 2421 597 2471 te
609 2414 706 2486 stante,
726 2414 867 2492 miserque

204 2515 361 2590 Rumperis,
381 2525 411 2572 et
422 2515 514 2587 latras,
527 2535 697 2591 magnorum
707 2517 832 2575 maxime
842 2537 954 2596 regum.

200 2618 251 2675 Ne
264 2617 394 2694 longium
405 2617 518 2689 faciam,
533 2619 603 2676 dum
615 2627 648 2676 tu
661 2621 817 2694 quadrante
827 2621 956 2682 lavatum

174 2753 176 2757 >
200 2721 265 2777 Rex
274 2719 336 2788 ibis,
347 2739 442 2796 neque
454 2728 483 2778 te
495 2720 644 2797 quisquam
654 2721 777 2797 stipator,
791 2723 921 2800 ineptum

164 2807 166 2814 ’
201 2824 303 2881 rraeter
315 2821 486 2898 Crispinum,
501 2823 663 2895 sedabitur,
685 2833 715 2881 et
727 2825 799 2882 mu
810 2826 906 2886 duca

154 2924 158 2932 ’
200 2923 360 3001 ignoscent,
378 2924 481 3000 siquid
492 2944 608 3000 peocaro
621 2927 728 2998 stultus,
744 2928 829 2986 amici
834 2953 843 2998 5

198 3027 291 3102 Inque
300 3028 392 3086 vicem
404 3027 519 3086 illorum
532 3028 623 3104 patiar
634 3029 735 3087 delitta
748 3029 877 3101 libenter,
994 3077 997 3084 .

198 3127 379 3206 Privatusque
392 3129 482 3206 magis
495 3129 590 3190 vivam
602 3139 631 3190 te
642 3149 709 3209 rege
722 3134 828 3192 beatus.
860 3183 862 3188 .
