2238 3686
170 228 226 280 124
379 225 750 292 EPISTULARUM,

166 347 289 406 Partitur
302 348 399 408 lintres
410 351 548 410 exercitus
554 375 562 422 3
584 351 669 408 Attia
681 369 786 427 pugna,

163 450 208 508 Te
219 452 299 522 duce,
312 471 363 528 per
375 472 476 530 pueros
491 453 583 512 hostili
596 473 673 511 more
683 454 817 510 refertur:

164 554 348 612 Adversarius
361 557 400 612 est
414 558 500 614 frater
505 582 513 627 3
536 558 621 625 lacus,
636 556 740 626 Adria3
763 557 854 612 donec

163 656 345 715 Alterutrum
357 660 439 716 velox
452 659 568 718 victoria
582 659 683 716 sronde
695 667 819 714 coronet.

164 759 330 818 Consentire
343 761 399 817 suis
413 761 508 818 studiis
521 761 570 837 qui
582 761 731 819 crediderit
744 770 783 830 te,

163 862 267 920 Fautor
279 871 400 939 utroque
414 873 497 921 tuum
510 864 638 922 laudabit
651 863 753 939 pollice
766 863 876 919 ludum.

163 966 298 1024 Proteuus
311 976 344 1023 ut
357 983 497 1037 moneam,
512 968 547 1041 (s1
559 967 628 1042 quid
639 964 785 1023 monitoris
798 981 864 1040 eges
877 964 922 1037 tu)

164 1068 244 1126 Quid
258 1070 294 1125 de
306 1087 419 1144 quoque
432 1069 501 1140 viro,
516 1078 545 1129 et
558 1070 605 1126 cui
616 1069 700 1138 dicas,
715 1068 787 1143 saepe
800 1067 904 1124 videto.

162 1171 390 1229 Percontatorem
402 1171 496 1248 fugito
503 1198 511 1242 3
534 1191 601 1229 nam
615 1171 741 1248 garrulus
753 1170 831 1228 idem
843 1171 892 1240 est,

162 1273 226 1330 Nec
239 1275 363 1332 retinent
376 1275 481 1352 patulae
493 1275 638 1332 commissa
655 1273 775 1330 fideliter
788 1291 867 1330 aures
873 1298 882 1343 i

162 1377 199 1433 Et
213 1376 298 1433 semel
311 1377 441 1434 emissum
454 1379 530 1435 volat
543 1377 724 1434 irrevocabile
736 1379 863 1434 verbum.

163 1479 232 1536 Non
247 1479 349 1537 ancilla
363 1490 446 1537 tuum
456 1479 536 1556 jecur
548 1481 655 1538 ulceret
667 1481 733 1550 ulla,
750 1497 863 1554 puerve,

161 1583 240 1638 Intra
255 1602 445 1641 marmoreum
457 1583 610 1641 venerandi
623 1583 711 1639 limen
726 1581 824 1638 amici:

162 1685 209 1742 Ne
222 1684 353 1742 dominus
366 1686 445 1760 pueri
458 1685 579 1761 pulchri,
594 1704 700 1742 caraeve
713 1684 824 1760 puellae,

162 1787 285 1844 Munere
299 1797 327 1844 te
337 1806 423 1862 parvo
437 1790 510 1857 beet,
527 1798 576 1845 aut
589 1787 784 1846 incommodus
798 1797 892 1863 angat.

163 1890 287 1946 Qualem
301 1891 489 1960 commendes,
501 1891 588 1947 etiam
601 1901 687 1966 atque
699 1890 786 1947 etiam
799 1889 891 1965 aspice
897 1913 905 1960 3
925 1909 962 1948 ne

238 2011 307 2048 mox

161 2095 305 2154 Incutiant
319 2095 410 2152 aliena
423 2095 476 2153 tibi
490 2105 606 2171 peccata
619 2097 765 2173 pudorem.

160 2198 305 2269 Fallimur,
318 2209 348 2255 et
357 2200 501 2274 quondam
515 2219 572 2256 non
583 2199 704 2276 dignum
716 2197 867 2256 tradimus:
883 2217 961 2275 ergo,

162 2301 258 2358 Quem
272 2303 322 2359 sua
334 2303 417 2378 culpa
431 2311 548 2379 premet,
563 2303 697 2377 deceptus
709 2300 810 2358 omitte
823 2299 911 2370 tueri,

160 2408 202 2462 At
213 2405 325 2481 penitus
338 2415 448 2476 notum,
463 2405 483 2462 fi
498 2414 609 2462 tentent
622 2404 750 2474 crimina,
765 2404 864 2474 serves,

158 2508 329 2584 Tuterisque
342 2517 392 2565 tuo
405 2509 526 2566 fidenter
538 2507 681 2584 praesrdio:
705 2507 754 2583 qui

160 2612 256 2670 Dente
268 2610 418 2668 Theonino
432 2631 499 2668 cum
511 2611 734 2682 circumroditnr,
749 2610 853 2686 ecquid

163 2715 211 2772 Ad
225 2724 253 2770 te
266 2713 326 2789 post
339 2713 423 2790 paulo
435 2724 553 2771 ventura
566 2713 689 2790 pericula
702 2713 803 2770 sentis?

160 2817 239 2874 Nam
252 2827 301 2874 tua
314 2836 356 2874 res
369 2817 463 2892 agitur
476 2817 565 2892 paries
579 2836 645 2874 curn
657 2816 802 2892 proximus
817 2816 897 2874 ardet
902 2841 911 2887 5

160 2921 198 2977 Et
211 2920 338 2996 negledta
351 2919 441 2976 solent
453 2919 585 2976 incendia
600 2921 709 2976 sumere
721 2919 801 2976 vires.

159 3023 260 3082 Dulcis
272 3023 425 3099 inexpertis
438 3022 547 3080 cultura
560 3021 683 3098 potentis
696 3021 788 3091 arnici,

161 3125 299 3199 Expertus
312 3125 429 3184 metuit:
452 3134 494 3196 tu,
508 3126 577 3183 dum
591 3135 640 3184 tua
653 3124 733 3184 navis
744 3124 775 3182 in
786 3124 842 3182 alto
855 3125 904 3195 est,
