2238 3686
314 227 372 284 un
397 227 521 286 nuru
546 227 758 286 rourren.
824 258 826 264 ι
880 233 961 306 1⁴⁵³„

140 353 206 420 Hoe
219 360 304 424 amet,
318 353 372 426 hoc
382 353 502 430 spernat,
513 354 637 430 promiffi
651 352 781 410 carminis
793 359 882 410 autor.
943 405 944 411 ,

140 456 255 540 Dixeris
268 456 391 533 egregie,
405 467 506 516 notum
517 458 538 516 fi
550 458 651 516 callida
666 460 781 515 verbum

141 559 307 636 Reddiderit
321 557 453 636 junstura
467 579 587 618 novum:
610 559 630 616 fi
642 560 715 616 forte
728 558 833 617 necesse
846 559 885 616 est

140 661 258 720 Iudiciis
271 662 422 720 monstrare
432 663 590 720 recentibus
603 662 696 720 abdita
708 681 811 734 rerum,

140 763 404 844 Fingere-cineratis
418 783 475 822 non
487 765 620 822 exaudita
632 764 766 842 Cethegis

140 865 318 944 Continget3
338 867 506 942 dabiturque
519 866 633 924 licentia
647 867 738 924 sumta
750 869 897 946 pudenter.
939 947 942 951 Ι

140 969 179 1025 Et
191 987 273 1038 nova,
287 969 417 1045 factaque
437 989 534 1046 nuper,
550 971 696 1028 habebunt
709 973 791 1028 verba
804 971 900 1041 fidem,
914 947 948 1027 sr

141 1071 241 1128 Graeoo
255 1072 335 1148 fonte
348 1073 458 1142 cadant,
471 1091 553 1148 parce
567 1074 684 1130 detorta.
715 1073 796 1130 Quid
809 1074 922 1131 autem?

141 1175 259 1233 Caecilio
272 1175 427 1252 Plautoque
439 1176 517 1234 dabit
531 1179 683 1247 Romanus,
700 1178 846 1236 ademtum

140 1277 264 1355 Virgilio
277 1279 439 1355 Varioque?
461 1299 514 1357 ego
528 1299 586 1350 cur,
601 1279 743 1355 acquirere
756 1299 846 1356 pauca
927 1267 929 1270 ¹

141 1379 303 1464 Si'poffum,
316 1381 452 1452 invideor,
465 1399 531 1443 cum
543 1381 641 1458 lingua
653 1382 769 1440 Catonis
783 1393 812 1440 et
822 1384 897 1442 Enni

103 1527 106 1534 .
141 1485 305 1542 Sermonem
316 1484 440 1560 patrium
452 1484 592 1553 ditaverit,
606 1496 635 1542 et
648 1503 720 1542 nova
733 1504 827 1544 rerum
941 1465 945 1472 Ι

141 1585 271 1644 Nomina
283 1585 452 1663 protulerit?
478 1586 581 1656 Licuit,
596 1585 758 1662 semperque
771 1588 878 1658 licebit,

142 1689 293 1766 Signatum
304 1689 440 1766 praesente
452 1690 518 1746 noti
532 1689 684 1766 procudere
697 1708 858 1750 nummum.
944 1749 947 1756 ,

141 1793 187 1850 Ut
197 1792 271 1850 filvae
285 1791 369 1862 soliis,
382 1811 484 1868 pronos
493 1791 629 1850 mutantis
641 1791 672 1850 in
685 1811 782 1873 annos,

142 1895 235 1953 Prima
248 1896 363 1964 cadunt,
383 1895 424 1955 ita
436 1897 587 1956 verborum
599 1904 679 1952 vetus
691 1895 789 1954 interit
801 1905 883 1968 aetas,
943 1935 945 1940 -

142 1999 181 2056 Et
189 1997 328 2072 juvenum
342 1998 399 2056 ritu
411 1997 513 2058 florent
526 1999 611 2056 modo
627 2007 703 2068 nata,
724 1999 885 2076 vigentque.

142 2101 289 2160 Debemur
301 2101 386 2158 morti
398 2119 458 2171 nos,
471 2101 631 2176 nostraque:
654 2101 710 2157 five
722 2111 850 2178 receptus
939 2083 943 2090 ’

141 2204 230 2284 Terrd
241 2205 393 2282 Neptunus
404 2203 499 2262 classes
510 2201 688 2280 aquilonibus
698 2213 783 2274 arcet,
943 2273 944 2278 ἵ

128 2305 229 2383 ‘Regis
241 2326 310 2384 opus
315 2331 324 2376 ;
346 2305 478 2364 sterilisve
491 2305 579 2382 palus,
593 2305 754 2387 agitataque
767 2307 860 2377 remis,
941 2289 943 2294 Ι

142 2409 260 2468 Vicinas
271 2411 353 2488 urbes
363 2407 423 2478 alit,
436 2417 466 2465 et
478 2427 563 2485 grave
573 2407 659 2465 sentit
672 2418 809 2480 aratrum3

144 2513 200 2569 Seu
213 2511 325 2570 cursum
338 2510 469 2581 mutavit,
482 2509 614 2592 iniquum
627 2510 764 2586 frugibus,
778 2511 879 2583 arnn'is,
942 2586 944 2594 Ι

143 2614 252 2674 Doctus
264 2613 319 2672 iter
331 2612 444 2683 melius5
466 2611 596 2670 mortalia
606 2612 705 2670 cuneta
717 2613 859 2689 peribunt,
946 2661 950 2674 .

144 2698 263 2784 Nedum
275 2715 435 2774 sermonum
448 2715 500 2772 stet
512 2715 609 2785 honos,
623 2725 652 2772 et
664 2716 763 2792 gratia,
776 2717 868 2774 vivax.

144 2820 242 2879 Multa
255 2818 443 2888 renascentur,
465 2835 529 2893 quae
538 2816 599 2894 jam
612 2817 749 2888 cecidere;
771 2798 947 2896 cadentque,

145 2923 222 2980 Quae
235 2937 311 2980 nunc
324 2921 389 2978 sunt
401 2920 432 2978 in
444 2919 559 2989 honore,
571 2921 717 2989 vocabula,
729 2921 749 2978 sr
762 2922 837 2979 volet
849 2923 925 2994 usus,
939 2969 944 2976 .

136 3018 244 3110 ‘Quem
252 3044 336 3102 penes
348 3024 484 3083 arbitrum
495 3025 536 3104 est
545 3034 574 3081 et
580 3023 634 3101 jus,
646 3033 675 3082 et
685 3043 782 3082 norma
793 3026 939 3102 loquendi.

144 3129 199 3204 Res
213 3129 295 3208 gestae
304 3146 460 3212 regumque
473 3128 642 3204 ducumque,
657 3137 687 3186 et
700 3127 887 3216 tristiabella,
941 3199 943 3209 Ι
