2238 3686
429 195 521 252 LIB.
548 197 588 252 II.
628 195 647 252 i.
886 201 943 265 187

143 317 239 374 Dente
252 317 381 390 laceffiti3
403 321 459 378 fnit
471 322 583 380 intactis
597 342 709 399 quoque
719 342 786 381 cura

143 422 320 480 Conditione
334 423 415 502 super
427 427 588 484 communi:
611 428 680 502 quin
692 426 780 484 etiam
792 427 839 485 lex
939 443 943 452 '

143 526 287 600 Poenaque
298 527 364 597 lata,
376 528 452 586 malo
459 549 524 604 quae
537 529 626 586 nollet
636 528 760 586 carmine
768 548 930 606 quenquam

143 629 287 687 Describi:
310 640 418 688 vertere
431 634 558 702 modum,
571 632 723 689 formidine
736 632 815 689 fustis

143 733 194 790 Ad
208 734 279 790 bene
293 733 446 792 dicendum
458 722 711 809 delectandumque
723 735 836 794 redadti.

144 835 254 892 Graecia
265 846 346 912 capta
360 837 453 894 femm
465 837 601 895 victorem
613 837 698 912 cepit,
712 846 742 894 et
754 845 827 896 artes

143 937 248 994 Intulit
260 939 360 1015 agresti
373 939 468 996 Latio:
491 941 529 996 fic
541 939 669 997 horridus
681 939 730 998 ille

144 1040 276 1098 Deflnxit
288 1060 422 1100 numerus
437 1043 594 1113 Saturnius,
616 1052 644 1099 et
657 1061 741 1118 grave
754 1041 829 1100 virus

144 1144 300 1202 Munditiae
312 1147 456 1222 pepulere:
480 1146 527 1204 sed
540 1147 571 1203 in
583 1147 703 1223 longum
717 1156 813 1204 tamen
829 1167 923 1208 aevum

145 1247 323 1317 Manserunt‚
338 1248 478 1324 hodieque
491 1258 615 1318 manent,
629 1248 743 1325 vestigia
756 1249 837 1308 ruris.

147 1350 227 1406 Serus
240 1350 317 1406 enim
331 1350 436 1408 Graecis
450 1351 576 1408 admovit
589 1351 720 1408 acumina
732 1351 849 1423 chartis;

145 1452 184 1508 Et
195 1452 256 1528 post
269 1453 373 1510 Punica
386 1453 459 1510 bella
472 1452 583 1528 quietus
597 1472 720 1528 quaerere
733 1454 819 1530 coepit

148 1553 228 1611 Quid
241 1556 390 1632 Sophocles
403 1565 433 1614 et
451 1555 569 1632 Thespis
586 1564 616 1612 et
629 1555 783 1632 AEschylus
800 1556 871 1615 utile
886 1558 942 1616 fer·
1012 1536 1015 1542 Ι

224 1668 297 1715 rent.

144 1761 281 1842 'lentavit
294 1780 406 1837 quoque
419 1779 488 1832 rem,
503 1761 524 1818 fi
537 1760 623 1837 digne
635 1769 743 1819 vertere
755 1763 842 1838 pollet
848 1789 857 1834 5

147 1865 186 1920 Et
197 1863 304 1939 placuit
316 1863 376 1934 fibi,
389 1865 489 1920 natura
503 1863 629 1920 sublimis
642 1873 670 1920 et
682 1883 759 1922 acer:

147 1970 228 2026 Nam
241 1969 326 2046 spirat
339 1969 480 2046 tragicum
492 1968 566 2038 satia,
579 1977 608 2026 et
621 1967 741 2026 feliciter
754 1970 856 2040 audet;

148 2074 203 2130 Sed
214 2083 326 2149 turpem
338 2082 419 2149 putat
433 2072 532 2130 inscite
545 2073 704 2147 metuitque
717 2073 840 2132 lituram.

147 2176 290 2247 Creditur,
304 2196 340 2234 ex
353 2175 447 2233 medio
460 2174 526 2249 quia
540 2193 582 2231 res
594 2175 710 2245 arceffit‚
725 2175 827 2233 habere

148 2279 262 2336 Sudoris
274 2279 427 2338 minimum
435 2303 443 2350 3
458 2277 505 2334 fed
518 2277 603 2335 habet
617 2277 764 2335 Coma-dia
778 2287 857 2338 tanto

148 2383 215 2452 Plus
227 2383 326 2454 oneris,
340 2390 446 2458 quanto
459 2380 549 2438 veniae
562 2381 666 2438 minus.
698 2380 810 2456 Aspice,
830 2383 947 2444 Plautus

150 2487 220 2543 Ouo
232 2486 313 2560 paeto
326 2494 417 2560 partes
431 2493 540 2541 tutetur
553 2483 673 2540 amantis
683 2483 785 2559 ephebi
790 2508 799 2556 3

149 2589 194 2646 Ut
206 2588 292 2662 patris
308 2587 424 2656 attenti;
446 2586 554 2644 lenonis
567 2595 600 2643 ut
613 2585 748 2642 infidiosr:

151 2692 285 2748 Quantus
299 2691 333 2747 sit
345 2690 503 2747 Doffennus
515 2687 646 2746 edacibus
658 2687 689 2744 in
702 2689 826 2763 parasitis
831 2714 840 2760 3

151 2795 251 2850 Quam
263 2813 320 2851 non
333 2792 461 2852 adstricto
474 2799 616 2867 percurrat
630 2790 739 2867 pulpita
753 2791 845 2848 socco:

150 2896 241 2953 Gestit
258 2895 336 2954 enim
356 2915 508 2954 nummum
530 2895 561 2952 in
579 2894 685 2950 loculos
700 2893 859 2968 demittere,
884 2898 944 2973 poss

228 2999 283 3056 hoc

150 3103 268 3160 Securus
281 3103 363 3162 cadat
375 3121 411 3161 an
425 3101 499 3160 retro
512 3101 563 3158 stet
575 3099 672 3158 fabula
684 3098 750 3156 talo.
