2238 3686
211 252 268 313 roo
384 253 442 315 oe
469 257 592 318 nara
616 241 828 318 nonrrc'l.

204 381 302 457 Speret
315 381 400 453 idem,
421 384 501 442 sudet
514 387 638 444 multum
651 387 806 461 frustraque
817 367 935 453 laboret,
997 365 1002 375 ¹

205 485 300 542 Ausus
313 485 403 572 idem:
426 489 642 557 tantumsen'es,
653 487 842 564 junctumque
854 486 957 562 pollet3

203 589 331 646 Tantum
345 591 486 648 demedio
499 591 597 650 sumtis
610 591 718 650 accedit
731 591 852 648 honoris.

204 691 285 748 Silvis
298 693 411 750 deducti
424 704 550 764 caveant,
563 713 610 752 me
620 693 724 771 judice,
739 693 838 762 Fauni,

204 795 236 852 N
237 813 262 864 e,
274 795 353 860 velut
366 795 457 853 innati
470 795 559 854 triviis
573 816 605 854 ac
618 816 690 873 pene
704 796 833 864 forenses,

207 899 269 953 Aut
283 896 406 954 nimium
424 899 527 956 teneris
539 897 710 975 juvenentur
722 900 842 956 verfibus
859 913 1006 972 unquam!

207 1002 269 1056 Aut
283 999 430 1058 immunda
443 1011 558 1076 crepent
571 1001 813 1078 ignominiosaque
825 1000 914 1057 dista:

204 1101 399 1158 Offenduntur
411 1102 489 1160 enirn
497 1103 600 1178 quibus
610 1104 648 1160 est
656 1123 752 1179 equus,
765 1114 794 1160 et
802 1111 890 1179 pater,
900 1111 931 1158 et
945 1121 1006 1171 res;

205 1205 279 1273 Nec,
293 1204 313 1259 sr
327 1204 396 1279 quid
409 1204 484 1262 fricti
495 1205 591 1262 ciceris
605 1209 713 1282 probat,
730 1215 759 1264 et
772 1205 852 1263 nucis
864 1215 968 1275 emtor,

206 1306 310 1382 AEquis
324 1306 466 1382 accipiunt
479 1307 589 1377 animis,
609 1308 873 1366 donantve'coronb.

205 1410 318 1486 Syllaba
332 1409 426 1486 longa,
440 1409 518 1466 brevi
531 1409 661 1486 subjecta,
675 1421 791 1468 vocatur
801 1412 935 1481 Iambus,

206 1515 255 1570 Pes
266 1513 355 1569 citus:
377 1513 454 1569 unde
467 1512 555 1569 etiam
569 1505 701 1570 trimetris
711 1512 864 1572 accrescere
872 1511 955 1590 juffit

208 1616 323 1672 Nomen
335 1613 464 1672 Iambeis.
505 1614 582 1672 Cum
594 1616 673 1673 senos
685 1617 812 1674 redderet
825 1615 905 1685 icius,

208 1717 317 1774 Primus
325 1718 363 1782 ‚ad
374 1727 535 1794 extremum
547 1717 642 1774 similis
656 1718 715 1788 sibi,
730 1717 839 1775 nonita
852 1717 974 1794 pridem,

206 1821 326 1878 Tardior
341 1830 373 1877 ut
385 1821 470 1896 paulo
481 1820 647 1896 graviorque
658 1819 766 1878 veniret
779 1822 820 1878 ad.
826 1839 915 1889 aures,

209 1925 350 2000 Spondeos
363 1923 471 1980 stabiles
484 1923 513 1978 in
523 1923 587 1999 jura
603 1933 718 1998 paterna
732 1923 846 1999 recepit,

209 2027 383 2084 Commodus
396 2034 425 2083 et
439 2024 563 2100 patiens,
586 2043 643 2083 non
657 2035 689 2082 ut
702 2027 738 2083 de
752 2026 815 2084 sede
828 2026 952 2083 secunda

209 2131 338 2200 Cederet,
353 2139 401 2186 aut
415 2128 523 2203 quarta,
538 2127 687 2185 socialiter:
711 2128 757 2185 hic
771 2139 800 2186 et
813 2127 843 2185 in
854 2130 927 2186 Acci

210 2232 362 2290 Nobilibus
375 2230 508 2288 trimetris
521 2240 636 2306 apparet
650 2249 736 2300 rarus,
749 2241 778 2288 et
789 2221 874 2288 Ennii

212 2337 246 2392 ln
260 2334 371 2392 scenam
385 2333 480 2390 missus
493 2349 598 2408 magno
614 2352 680 2390 cum
690 2334 812 2408 pondere
823 2333 924 2404 versuS,

210 2441 272 2495 Aut
285 2455 376 2512 operae
389 2435 485 2494 celeris
498 2435 620 2492 nimium
633 2437 756 2511 curaque
768 2437 897 2506 carentis,

209 2541 272 2598 Aut
284 2539 420 2616 ignoratae
433 2537 536 2614 premit
548 2537 614 2594 artis
627 2537 745 2595 crimine
759 2539 843 2614 turpi.

209 2643 278 2700 Non
289 2639 381 2716 quivis
393 2640 470 2697 videt
483 2639 667 2696 immodulata
680 2640 809 2716 poemata
819 2640 922 2716 judex3
988 2687 990 2692 .

211 2747 248 2804 Et
261 2745 326 2802 data
340 2741 473 2800 Romanis
486 2742 567 2800 venia
579 2743 619 2799 est
632 2742 748 2819 indigna
764 2744 871 2819 politis:

210 2847 356 2905 Idcircone
366 2863 460 2921 vager,
479 2843 653 2920 scribamque
664 2844 796 2902 licenter?
818 2866 854 2905 an
867 2867 965 2906 omnes

209 2949 324 3006 Visuros
334 2957 448 3024 peccata
460 2955 559 3021 putem
572 2948 651 3002 mea?
673 2947 773 3016 Tutus,
790 2959 818 3004 et
832 2947 907 3005 intra

209 3053 295 3126 Spem
308 3049 397 3111 veniae
408 3059 515 3118 cautus,
532 3048 618 3104 vitavi
631 3048 752 3123 denique
764 3049 885 3125 culpam,

210 3152 281 3208 Non
294 3151 407 3210 laudem
420 3151 518 3209 merui.
547 3152 606 3208 Vos
618 3151 786 3226 exemplaria
798 3153 898 3210 Graeca
