2242 3680
355 461 394 518 n.
414 459 614 520 HonATn
639 459 808 520 rnAccr

254 617 280 700 S
325 616 359 696 E
404 617 439 696 R
484 617 533 696 M
579 616 617 698 Ο
663 617 721 718 ΝΙ
750 617 790 698 U
835 613 896 710 M,
978 717 980 721 ¹

388 893 513 940 LIBER
543 892 767 947 SECUNDUS·

440 1156 717 1200 *-

445 1389 648 1448 SATIRA
686 1393 711 1450 Ι.

180 1555 282 1643 Seni,
295 1571 397 1646 quibus
410 1569 441 1626 in
453 1569 542 1626 Satiri
552 1570 648 1628 videor
661 1570 745 1628 nimis
756 1589 827 1643 acer,
841 1580 870 1629 et
883 1574 957 1632 ultra

179 1669 288 1744 Legem
302 1669 416 1726 tendere
427 1687 498 1743 opus
503 1693 511 1740 3
533 1669 591 1726 fine
604 1669 694 1726 nervis
708 1669 804 1739 altera,
823 1667 959 1745 quicquid

180 1771 343 1846 Composui‚
352 1751 419 1851 ¹pars
432 1771 487 1828 effe
498 1779 589 1846 putat,
604 1772 760 1847 similesque
772 1789 901 1828 meorum

180 1873 265 1930 Mille
278 1873 324 1930 die
336 1875 429 1932 versus
442 1874 543 1932 deduci
555 1873 645 1950 poffe:
666 1873 794 1944 Trebati,

183 1975 264 2033 Quid
287 1975 400 2048 faciam,
416 1976 580 2054 praescribe,
612 1976 758 2034 Quiescas.
800 1977 849 2034 Ne
865 1975 979 2048 faciam,

259 2077 362 2154 inquis,

182 2181 310 2239 Omnino
322 2182 432 2240 versus?
454 2181 520 2239 Aio.
555 2183 670 2239 Peream
682 2181 766 2253 male,
780 2181 870 2239 finon

182 2283 335 2360 Optimum
348 2293 408 2342 erat
414 2309 422 2356 5
444 2303 544 2341 verum
556 2303 666 2359 nequeo
677 2283 808 2342 dormire.
835 2284 894 2340 Ter
904 2283 982 2342 unffi

183 2387 361 2446 Transnanto
373 2386 512 2458 Tiberim,
525 2387 623 2444 somno
634 2386 737 2462 quibus
750 2387 789 2442 est
801 2405 870 2462 opus
884 2387 951 2458 alto,
1007 2403 1010 2410 ’

183 2490 384 2567 Irriguumque
396 2493 474 2546 rn‘ero
488 2490 539 2547 sub
552 2489 665 2547 noeiem
677 2507 776 2564 corpus
789 2488 922 2547 habente.

184 2593 256 2664 Aut,
272 2588 297 2648 si
306 2599 401 2650 tantus
413 2611 493 2650 amor
505 2591 643 2650 scribendi
656 2599 685 2648 te
698 2575 780 2667 repit,
795 2593 868 2652 aude
953 2641 956 2644 .

185 2695 302 2752 caesaris
315 2694 412 2755 inviffi
425 2713 467 2752 res
478 2693 578 2766 dicere,
599 2694 689 2751 multa
699 2695 829 2751 laborum

185 2798 303 2855 Praemia
316 2799 433 2856 laturus.
474 2797 627 2872 Cupidum,
641 2805 722 2872 pater
734 2797 851 2872 optime,
864 2795 936 2854 vires

186 2901 347 2968 Deficiunt:
369 2919 461 2975 neque
474 2899 552 2957 enim
565 2899 656 2976 quivis
668 2898 811 2956 horrentia
822 2897 886 2980 pilis

187 3005 324 3081 Agmina,
339 3023 390 3060 nec
401 3002 489 3060 fraere
501 3010 650 3090 pereuntes
663 3000 777 3076 cuspide
789 3001 895 3079 Gallos,
