<?xml version="1.0" encoding="UTF-8"?>
<!DOCTYPE html PUBLIC "-//W3C//DTD XHTML 1.0 Transitional//EN"
    "http://www.w3.org/TR/xhtml1/DTD/xhtml1-transitional.dtd">
<html xmlns="http://www.w3.org/1999/xhtml" xml:lang="en" lang="en">
 <head>
  <title>
</title>
<meta http-equiv="Content-Type" content="text/html;charset=utf-8" />
  <meta name='ocr-system' content='tesseract 3.04.00' />
  <meta name='ocr-capabilities' content='ocr_page ocr_carea ocr_par ocr_line ocrx_word'/>
</head>
<body>
  <div class='ocr_page' id='page_1' title='image "./qhoratiiflacci01horagoog_0081.png"; bbox 0 0 2242 3680; ppageno 0'>
   <div class='ocr_carea' id='block_1_1' title="bbox 204 165 854 266">
    <p class='ocr_par' dir='ltr' id='par_1_1' title="bbox 204 165 854 266">
     <span class='ocr_line' id='line_1_1' title="bbox 204 165 854 266; baseline 0.005 -14"><span class='ocrx_word' id='word_1_1' title='bbox 204 201 243 265; x_wconf 89' lang='lat'>70</span> <span class='ocrx_word' id='word_1_2' title='bbox 442 197 754 266; x_wconf 73' lang='lat' dir='ltr'>sannionum</span> <span class='ocrx_word' id='word_1_3' title='bbox 849 165 854 177; x_wconf 83' lang='grc'><strong>’</strong></span> 
     </span>
    </p>
   </div>
   <div class='ocr_carea' id='block_1_2' title="bbox 205 325 1000 402">
    <p class='ocr_par' dir='ltr' id='par_1_2' title="bbox 205 309 1107 402">
     <span class='ocr_line' id='line_1_2' title="bbox 205 325 1000 402; baseline 0 -22"><span class='ocrx_word' id='word_1_4' title='bbox 205 325 393 392; x_wconf 78' lang='lat' dir='ltr'>contemtum</span> <span class='ocrx_word' id='word_1_5' title='bbox 411 325 482 384; x_wconf 64' lang='lat' dir='ltr'>calla</span> <span class='ocrx_word' id='word_1_6' title='bbox 500 345 572 384; x_wconf 88' lang='lat' dir='ltr'>nuce</span> <span class='ocrx_word' id='word_1_7' title='bbox 587 334 734 402; x_wconf 81' lang='lat' dir='ltr'>pauperet:</span> <span class='ocrx_word' id='word_1_8' title='bbox 771 325 832 382; x_wconf 83' lang='lat' dir='ltr'>haec</span> <span class='ocrx_word' id='word_1_9' title='bbox 852 343 917 381; x_wconf 87' lang='lat' dir='ltr'>mea</span> <span class='ocrx_word' id='word_1_10' title='bbox 937 343 1000 380; x_wconf 84' lang='lat' dir='ltr'>cura</span> 
     </span>
    </p>
   </div>
   <div class='ocr_carea' id='block_1_3' title="bbox 206 428 1020 1418">
    <p class='ocr_par' dir='ltr' id='par_1_3' title="bbox 206 428 1020 1418">
     <span class='ocr_line' id='line_1_3' title="bbox 284 428 332 497; baseline 0.104 -5"><span class='ocrx_word' id='word_1_11' title='bbox 284 428 332 497; x_wconf 71' lang='lat' dir='ltr'>est,</span> 
     </span>
     <span class='ocr_line' id='line_1_4' title="bbox 206 529 1001 607; baseline -0.001 -21"><span class='ocrx_word' id='word_1_12' title='bbox 206 529 254 586; x_wconf 89' lang='lat' dir='ltr'>Ne</span> <span class='ocrx_word' id='word_1_13' title='bbox 266 529 335 603; x_wconf 84' lang='lat' dir='ltr'>quid</span> <span class='ocrx_word' id='word_1_14' title='bbox 349 529 499 604; x_wconf 71' lang='lat' dir='ltr'>superdas,</span> <span class='ocrx_word' id='word_1_15' title='bbox 515 550 570 588; x_wconf 91' lang='lat' dir='ltr'>neu</span> <span class='ocrx_word' id='word_1_16' title='bbox 586 531 618 587; x_wconf 85' lang='lat' dir='ltr'>sis</span> <span class='ocrx_word' id='word_1_17' title='bbox 628 529 717 607; x_wconf 78' lang='lat' dir='ltr'>jocus.</span> <span class='ocrx_word' id='word_1_18' title='bbox 757 532 802 588; x_wconf 88' lang='lat' dir='ltr'>Ire</span> <span class='ocrx_word' id='word_1_19' title='bbox 815 531 945 600; x_wconf 87' lang='lat' dir='ltr'>domum,</span> <span class='ocrx_word' id='word_1_20' title='bbox 961 537 1001 586; x_wconf 89' lang='lat' dir='ltr'>at-</span> 
     </span>
     <span class='ocr_line' id='line_1_5' title="bbox 287 651 342 707; baseline 0.055 -19"><span class='ocrx_word' id='word_1_21' title='bbox 287 651 342 707; x_wconf 87' lang='lat' dir='ltr'>que</span> 
     </span>
     <span class='ocr_line' id='line_1_6' title="bbox 207 734 862 814; baseline 0.002 -23"><span class='ocrx_word' id='word_1_22' title='bbox 207 734 370 794; x_wconf 87' lang='lat' dir='ltr'>Pellicnlam</span> <span class='ocrx_word' id='word_1_23' title='bbox 385 755 490 806; x_wconf 85' lang='lat' dir='ltr'>curare,</span> <span class='ocrx_word' id='word_1_24' title='bbox 500 735 583 814; x_wconf 87' lang='lat' dir='ltr'>jube:</span> <span class='ocrx_word' id='word_1_25' title='bbox 607 737 627 794; x_wconf 89' lang='lat' dir='ltr'>fi</span> <span class='ocrx_word' id='word_1_26' title='bbox 640 737 783 813; x_wconf 84' lang='lat' dir='ltr'>cognitor:</span> <span class='ocrx_word' id='word_1_27' title='bbox 804 736 862 812; x_wconf 87' lang='lat' dir='ltr'>ipse</span> 
     </span>
     <span class='ocr_line' id='line_1_7' title="bbox 208 837 940 912; baseline 0 -18"><span class='ocrx_word' id='word_1_28' title='bbox 208 837 309 906; x_wconf 71' lang='lat' dir='ltr'>Penta,</span> <span class='ocrx_word' id='word_1_29' title='bbox 324 847 409 912; x_wconf 89' lang='lat' dir='ltr'>atque</span> <span class='ocrx_word' id='word_1_30' title='bbox 422 840 537 909; x_wconf 87' lang='lat' dir='ltr'>obdura,</span> <span class='ocrx_word' id='word_1_31' title='bbox 551 839 598 896; x_wconf 86' lang='lat' dir='ltr'>seu</span> <span class='ocrx_word' id='word_1_32' title='bbox 612 841 694 896; x_wconf 86' lang='lat' dir='ltr'>rubra</span> <span class='ocrx_word' id='word_1_33' title='bbox 708 837 834 895; x_wconf 83' lang='lat' dir='ltr'>canicula</span> <span class='ocrx_word' id='word_1_34' title='bbox 847 837 940 894; x_wconf 82' lang='lat' dir='ltr'>findet</span> 
     </span>
     <span class='ocr_line' id='line_1_8' title="bbox 208 939 915 1017; baseline -0.001 -20"><span class='ocrx_word' id='word_1_35' title='bbox 208 941 336 997; x_wconf 84' lang='lat' dir='ltr'>Infantes</span> <span class='ocrx_word' id='word_1_36' title='bbox 349 941 464 1010; x_wconf 77' lang='lat' dir='ltr'>statuas5</span> <span class='ocrx_word' id='word_1_37' title='bbox 487 942 543 1009; x_wconf 89' lang='lat' dir='ltr'>seu,</span> <span class='ocrx_word' id='word_1_38' title='bbox 557 940 657 1017; x_wconf 87' lang='lat' dir='ltr'>pingui</span> <span class='ocrx_word' id='word_1_39' title='bbox 673 950 765 998; x_wconf 88' lang='lat' dir='ltr'>tentus</span> <span class='ocrx_word' id='word_1_40' title='bbox 778 939 882 1008; x_wconf 79' lang='lat' dir='ltr'>amase,</span> <span class='ocrx_word' id='word_1_41' title='bbox 913 979 915 986; x_wconf 77' lang='lat'><em>·</em></span> 
     </span>
     <span class='ocr_line' id='line_1_9' title="bbox 208 1042 960 1118; baseline -0.004 -18"><span class='ocrx_word' id='word_1_42' title='bbox 208 1043 308 1100; x_wconf 88' lang='lat' dir='ltr'>Furius</span> <span class='ocrx_word' id='word_1_43' title='bbox 321 1042 451 1100; x_wconf 88' lang='lat' dir='ltr'>hibernas</span> <span class='ocrx_word' id='word_1_44' title='bbox 465 1043 535 1100; x_wconf 69' lang='lat' dir='ltr'>canl</span> <span class='ocrx_word' id='word_1_45' title='bbox 549 1043 612 1100; x_wconf 88' lang='lat' dir='ltr'>nive</span> <span class='ocrx_word' id='word_1_46' title='bbox 626 1043 760 1118; x_wconf 86' lang='lat' dir='ltr'>conspuet</span> <span class='ocrx_word' id='word_1_47' title='bbox 772 1043 868 1117; x_wconf 83' lang='lat' dir='ltr'>Alpes.</span> <span class='ocrx_word' id='word_1_48' title='bbox 959 1053 960 1056; x_wconf 75' lang='grc'>’</span> 
     </span>
     <span class='ocr_line' id='line_1_10' title="bbox 209 1143 1009 1221; baseline -0.004 -18"><span class='ocrx_word' id='word_1_49' title='bbox 209 1148 315 1204; x_wconf 85' lang='lat' dir='ltr'>Nonne</span> <span class='ocrx_word' id='word_1_50' title='bbox 328 1143 413 1214; x_wconf 88' lang='lat' dir='ltr'>vides,</span> <span class='ocrx_word' id='word_1_51' title='bbox 435 1145 535 1220; x_wconf 89' lang='lat' dir='ltr'>aliquis</span> <span class='ocrx_word' id='word_1_52' title='bbox 548 1145 644 1202; x_wconf 92' lang='lat' dir='ltr'>cubito</span> <span class='ocrx_word' id='word_1_53' title='bbox 657 1146 775 1202; x_wconf 83' lang='lat' dir='ltr'>stantem</span> <span class='ocrx_word' id='word_1_54' title='bbox 787 1163 873 1221; x_wconf 89' lang='lat' dir='ltr'>prope</span> <span class='ocrx_word' id='word_1_55' title='bbox 887 1154 1009 1220; x_wconf 76' lang='lat' dir='ltr'>tangens</span> 
     </span>
     <span class='ocr_line' id='line_1_11' title="bbox 209 1245 1020 1323; baseline -0.005 -18"><span class='ocrx_word' id='word_1_56' title='bbox 209 1247 333 1323; x_wconf 88' lang='lat' dir='ltr'>Inquiet,</span> <span class='ocrx_word' id='word_1_57' title='bbox 347 1257 381 1304; x_wconf 90' lang='lat' dir='ltr'>ut</span> <span class='ocrx_word' id='word_1_58' title='bbox 393 1245 514 1322; x_wconf 89' lang='lat' dir='ltr'>patiensl</span> <span class='ocrx_word' id='word_1_59' title='bbox 538 1257 571 1303; x_wconf 90' lang='lat' dir='ltr'>ut</span> <span class='ocrx_word' id='word_1_60' title='bbox 584 1245 681 1303; x_wconf 90' lang='lat' dir='ltr'>amicis</span> <span class='ocrx_word' id='word_1_61' title='bbox 694 1247 789 1322; x_wconf 80' lang='lat' dir='ltr'>aptus!</span> <span class='ocrx_word' id='word_1_62' title='bbox 811 1256 844 1302; x_wconf 90' lang='lat' dir='ltr'>ut</span> <span class='ocrx_word' id='word_1_63' title='bbox 857 1247 934 1303; x_wconf 87' lang='lat' dir='ltr'>acer!</span> <span class='ocrx_word' id='word_1_64' title='bbox 1018 1259 1020 1264; x_wconf 84' lang='lat'>&#39;</span> 
     </span>
     <span class='ocr_line' id='line_1_12' title="bbox 209 1347 895 1418; baseline -0.009 -9"><span class='ocrx_word' id='word_1_65' title='bbox 209 1352 304 1410; x_wconf 85' lang='lat' dir='ltr'>Plures</span> <span class='ocrx_word' id='word_1_66' title='bbox 318 1351 465 1406; x_wconf 87' lang='lat' dir='ltr'>armabunt</span> <span class='ocrx_word' id='word_1_67' title='bbox 478 1347 590 1418; x_wconf 87' lang='lat' dir='ltr'>thunni,</span> <span class='ocrx_word' id='word_1_68' title='bbox 607 1358 637 1406; x_wconf 92' lang='lat' dir='ltr'>et</span> <span class='ocrx_word' id='word_1_69' title='bbox 650 1349 752 1406; x_wconf 87' lang='lat' dir='ltr'>cetaria</span> <span class='ocrx_word' id='word_1_70' title='bbox 763 1347 895 1408; x_wconf 82' lang='lat' dir='ltr'>crescent.</span> 
     </span>
    </p>
   </div>
   <div class='ocr_carea' id='block_1_4' title="bbox 211 1450 928 1835">
    <p class='ocr_par' dir='ltr' id='par_1_4' title="bbox 211 1450 928 1835">
     <span class='ocr_line' id='line_1_13' title="bbox 211 1450 832 1530; baseline -0.006 -18"><span class='ocrx_word' id='word_1_71' title='bbox 211 1456 240 1512; x_wconf 89' lang='lat' dir='ltr'>Si</span> <span class='ocrx_word' id='word_1_72' title='bbox 256 1455 302 1512; x_wconf 91' lang='lat' dir='ltr'>cui</span> <span class='ocrx_word' id='word_1_73' title='bbox 315 1464 449 1530; x_wconf 78' lang='lat' dir='ltr'>praeterea</span> <span class='ocrx_word' id='word_1_74' title='bbox 460 1451 569 1510; x_wconf 93' lang='lat' dir='ltr'>validus</span> <span class='ocrx_word' id='word_1_75' title='bbox 582 1451 657 1508; x_wconf 87' lang='lat' dir='ltr'>male</span> <span class='ocrx_word' id='word_1_76' title='bbox 671 1450 745 1508; x_wconf 89' lang='lat' dir='ltr'>filius</span> <span class='ocrx_word' id='word_1_77' title='bbox 758 1451 832 1508; x_wconf 85' lang='lat' dir='ltr'>inre</span> 
     </span>
     <span class='ocr_line' id='line_1_14' title="bbox 211 1552 851 1624; baseline -0.008 -9"><span class='ocrx_word' id='word_1_78' title='bbox 211 1558 346 1616; x_wconf 71' lang='lat' dir='ltr'>Praeclara</span> <span class='ocrx_word' id='word_1_79' title='bbox 359 1557 483 1613; x_wconf 87' lang='lat' dir='ltr'>sublatus</span> <span class='ocrx_word' id='word_1_80' title='bbox 496 1555 599 1624; x_wconf 86' lang='lat' dir='ltr'>aletur;</span> <span class='ocrx_word' id='word_1_81' title='bbox 622 1572 658 1610; x_wconf 90' lang='lat' dir='ltr'>ne</span> <span class='ocrx_word' id='word_1_82' title='bbox 671 1552 851 1610; x_wconf 84' lang='lat' dir='ltr'>manifestum</span> 
     </span>
     <span class='ocr_line' id='line_1_15' title="bbox 211 1653 910 1732; baseline -0.01 -14"><span class='ocrx_word' id='word_1_83' title='bbox 211 1658 328 1718; x_wconf 83' lang='lat' dir='ltr'>Coelibis</span> <span class='ocrx_word' id='word_1_84' title='bbox 341 1657 508 1732; x_wconf 84' lang='lat' dir='ltr'>obsequium</span> <span class='ocrx_word' id='word_1_85' title='bbox 522 1657 610 1723; x_wconf 81' lang='lat' dir='ltr'>nudet</span> <span class='ocrx_word' id='word_1_86' title='bbox 623 1665 660 1724; x_wconf 88' lang='lat' dir='ltr'>te,</span> <span class='ocrx_word' id='word_1_87' title='bbox 674 1654 775 1712; x_wconf 89' lang='lat' dir='ltr'>leniter</span> <span class='ocrx_word' id='word_1_88' title='bbox 787 1653 818 1712; x_wconf 90' lang='lat' dir='ltr'>in</span> <span class='ocrx_word' id='word_1_89' title='bbox 832 1655 910 1730; x_wconf 85' lang='lat' dir='ltr'>spem</span> 
     </span>
     <span class='ocr_line' id='line_1_16' title="bbox 213 1756 928 1835; baseline -0.007 -17"><span class='ocrx_word' id='word_1_90' title='bbox 213 1762 328 1835; x_wconf 86' lang='lat' dir='ltr'>Adrcpe</span> <span class='ocrx_word' id='word_1_91' title='bbox 341 1757 491 1826; x_wconf 82' lang='lat' dir='ltr'>officiosus,</span> <span class='ocrx_word' id='word_1_92' title='bbox 504 1767 537 1814; x_wconf 90' lang='lat' dir='ltr'>ut</span> <span class='ocrx_word' id='word_1_93' title='bbox 552 1767 581 1814; x_wconf 87' lang='lat' dir='ltr'>et</span> <span class='ocrx_word' id='word_1_94' title='bbox 594 1756 712 1816; x_wconf 83' lang='lat' dir='ltr'>scribare</span> <span class='ocrx_word' id='word_1_95' title='bbox 725 1757 862 1815; x_wconf 87' lang='lat' dir='ltr'>secundus</span> <span class='ocrx_word' id='word_1_96' title='bbox 926 1831 928 1835; x_wconf 20' lang='grc' dir='ltr'>Ι</span> 
     </span>
    </p>
   </div>
   <div class='ocr_carea' id='block_1_5' title="bbox 212 1859 1015 2856">
    <p class='ocr_par' dir='ltr' id='par_1_5' title="bbox 212 1859 911 1937">
     <span class='ocr_line' id='line_1_17' title="bbox 212 1859 911 1937; baseline -0.004 -17"><span class='ocrx_word' id='word_1_97' title='bbox 212 1865 316 1932; x_wconf 82' lang='lat' dir='ltr'>Heres;</span> <span class='ocrx_word' id='word_1_98' title='bbox 338 1871 377 1930; x_wconf 81' lang='lat' dir='ltr'>et,</span> <span class='ocrx_word' id='word_1_99' title='bbox 392 1861 412 1916; x_wconf 87' lang='lat' dir='ltr'>sr</span> <span class='ocrx_word' id='word_1_100' title='bbox 424 1859 487 1935; x_wconf 90' lang='lat' dir='ltr'>quis</span> <span class='ocrx_word' id='word_1_101' title='bbox 502 1860 579 1916; x_wconf 86' lang='lat' dir='ltr'>casus</span> <span class='ocrx_word' id='word_1_102' title='bbox 590 1877 709 1935; x_wconf 81' lang='lat' dir='ltr'>puerum</span> <span class='ocrx_word' id='word_1_103' title='bbox 722 1859 811 1937; x_wconf 86' lang='lat' dir='ltr'>egerit</span> <span class='ocrx_word' id='word_1_104' title='bbox 825 1860 911 1930; x_wconf 87' lang='lat' dir='ltr'>Orco,</span> 
     </span>
    </p>

    <p class='ocr_par' dir='ltr' id='par_1_6' title="bbox 213 1961 880 2037">
     <span class='ocr_line' id='line_1_18' title="bbox 213 1961 880 2037; baseline -0.006 -14"><span class='ocrx_word' id='word_1_105' title='bbox 213 1968 248 2024; x_wconf 95' lang='lat' dir='ltr'>In</span> <span class='ocrx_word' id='word_1_106' title='bbox 261 1983 383 2022; x_wconf 90' lang='lat' dir='ltr'>vacuum</span> <span class='ocrx_word' id='word_1_107' title='bbox 396 1963 504 2020; x_wconf 87' lang='lat' dir='ltr'>venias:</span> <span class='ocrx_word' id='word_1_108' title='bbox 527 1981 638 2037; x_wconf 89' lang='lat' dir='ltr'>perraro</span> <span class='ocrx_word' id='word_1_109' title='bbox 651 1961 712 2018; x_wconf 88' lang='lat' dir='ltr'>haee</span> <span class='ocrx_word' id='word_1_110' title='bbox 725 1961 785 2019; x_wconf 87' lang='lat' dir='ltr'>alea</span> <span class='ocrx_word' id='word_1_111' title='bbox 798 1961 880 2019; x_wconf 86' lang='lat' dir='ltr'>fallit.</span> 
     </span>
    </p>

    <p class='ocr_par' dir='ltr' id='par_1_7' title="bbox 214 2063 972 2239">
     <span class='ocr_line' id='line_1_19' title="bbox 215 2063 972 2140; baseline -0.004 -14"><span class='ocrx_word' id='word_1_112' title='bbox 215 2067 277 2126; x_wconf 79' lang='lat' dir='ltr'>Qui</span> <span class='ocrx_word' id='word_1_113' title='bbox 290 2067 489 2124; x_wconf 85' lang='lat' dir='ltr'>testamentum</span> <span class='ocrx_word' id='word_1_114' title='bbox 503 2065 595 2122; x_wconf 85' lang='lat' dir='ltr'>tradet</span> <span class='ocrx_word' id='word_1_115' title='bbox 608 2063 660 2121; x_wconf 88' lang='lat' dir='ltr'>tibi</span> <span class='ocrx_word' id='word_1_116' title='bbox 672 2083 794 2138; x_wconf 88' lang='lat' dir='ltr'>cumque</span> <span class='ocrx_word' id='word_1_117' title='bbox 806 2064 972 2140; x_wconf 88' lang='lat' dir='ltr'>legendum,</span> 
     </span>
     <span class='ocr_line' id='line_1_20' title="bbox 214 2167 936 2239; baseline -0.007 -10"><span class='ocrx_word' id='word_1_118' title='bbox 214 2174 359 2239; x_wconf 78' lang='lat' dir='ltr'>Abnuere‚</span> <span class='ocrx_word' id='word_1_119' title='bbox 374 2178 403 2226; x_wconf 89' lang='lat' dir='ltr'>et</span> <span class='ocrx_word' id='word_1_120' title='bbox 417 2167 526 2224; x_wconf 69' lang='lat' dir='ltr'>tabulas</span> <span class='ocrx_word' id='word_1_121' title='bbox 541 2186 557 2224; x_wconf 87' lang='lat' dir='ltr'>a</span> <span class='ocrx_word' id='word_1_122' title='bbox 571 2176 598 2223; x_wconf 90' lang='lat' dir='ltr'>te</span> <span class='ocrx_word' id='word_1_123' title='bbox 611 2185 761 2236; x_wconf 88' lang='lat' dir='ltr'>removere,</span> <span class='ocrx_word' id='word_1_124' title='bbox 775 2177 936 2224; x_wconf 86' lang='lat' dir='ltr'>memento:</span> 
     </span>
    </p>

    <p class='ocr_par' dir='ltr' id='par_1_8' title="bbox 215 2267 950 2444">
     <span class='ocr_line' id='line_1_21' title="bbox 215 2267 950 2344; baseline -0.005 -14"><span class='ocrx_word' id='word_1_125' title='bbox 215 2274 260 2330; x_wconf 87' lang='lat' dir='ltr'>Sic</span> <span class='ocrx_word' id='word_1_126' title='bbox 274 2285 380 2341; x_wconf 87' lang='lat' dir='ltr'>tamen,</span> <span class='ocrx_word' id='word_1_127' title='bbox 395 2278 428 2328; x_wconf 93' lang='lat' dir='ltr'>ut</span> <span class='ocrx_word' id='word_1_128' title='bbox 440 2269 515 2326; x_wconf 91' lang='lat' dir='ltr'>limis</span> <span class='ocrx_word' id='word_1_129' title='bbox 528 2268 628 2343; x_wconf 90' lang='lat' dir='ltr'>rapias,</span> <span class='ocrx_word' id='word_1_130' title='bbox 642 2268 710 2343; x_wconf 90' lang='lat' dir='ltr'>quid</span> <span class='ocrx_word' id='word_1_131' title='bbox 721 2267 950 2344; x_wconf 86' lang='lat' dir='ltr'>primasecundo</span> 
     </span>
     <span class='ocr_line' id='line_1_22' title="bbox 215 2371 864 2444; baseline -0.011 -9"><span class='ocrx_word' id='word_1_132' title='bbox 215 2380 288 2434; x_wconf 84' lang='lat' dir='ltr'>Cera</span> <span class='ocrx_word' id='word_1_133' title='bbox 301 2377 369 2434; x_wconf 92' lang='lat' dir='ltr'>velit</span> <span class='ocrx_word' id='word_1_134' title='bbox 382 2374 475 2444; x_wconf 86' lang='lat' dir='ltr'>versn;</span> <span class='ocrx_word' id='word_1_135' title='bbox 498 2372 580 2442; x_wconf 83' lang='lat' dir='ltr'>solus,</span> <span class='ocrx_word' id='word_1_136' title='bbox 594 2371 729 2428; x_wconf 88' lang='lat' dir='ltr'>multisne</span> <span class='ocrx_word' id='word_1_137' title='bbox 742 2371 864 2440; x_wconf 86' lang='lat' dir='ltr'>coheres,</span> 
     </span>
    </p>

    <p class='ocr_par' dir='ltr' id='par_1_9' title="bbox 215 2475 904 2554">
     <span class='ocr_line' id='line_1_23' title="bbox 215 2475 904 2554; baseline -0.006 -18"><span class='ocrx_word' id='word_1_138' title='bbox 215 2479 315 2536; x_wconf 87' lang='lat' dir='ltr'>Veloci</span> <span class='ocrx_word' id='word_1_139' title='bbox 326 2496 456 2554; x_wconf 84' lang='lat' dir='ltr'>percurre</span> <span class='ocrx_word' id='word_1_140' title='bbox 469 2475 559 2534; x_wconf 88' lang='lat' dir='ltr'>oculo.</span> <span class='ocrx_word' id='word_1_141' title='bbox 600 2475 767 2550; x_wconf 87' lang='lat' dir='ltr'>Plerumque</span> <span class='ocrx_word' id='word_1_142' title='bbox 780 2476 904 2532; x_wconf 71' lang='lat' dir='ltr'>reeoetns</span> 
     </span>
    </p>

    <p class='ocr_par' dir='ltr' id='par_1_10' title="bbox 217 2577 968 2761">
     <span class='ocr_line' id='line_1_24' title="bbox 217 2577 968 2654; baseline -0.004 -15"><span class='ocrx_word' id='word_1_143' title='bbox 217 2581 311 2639; x_wconf 88' lang='lat' dir='ltr'>Scriba</span> <span class='ocrx_word' id='word_1_144' title='bbox 325 2600 361 2636; x_wconf 83' lang='lat' dir='ltr'>ex</span> <span class='ocrx_word' id='word_1_145' title='bbox 375 2577 560 2654; x_wconf 90' lang='lat' dir='ltr'>quinqueviro</span> <span class='ocrx_word' id='word_1_146' title='bbox 574 2595 690 2633; x_wconf 89' lang='lat' dir='ltr'>corvum</span> <span class='ocrx_word' id='word_1_147' title='bbox 703 2577 816 2633; x_wconf 91' lang='lat' dir='ltr'>deludet</span> <span class='ocrx_word' id='word_1_148' title='bbox 829 2577 968 2650; x_wconf 86' lang='lat' dir='ltr'>hiantem,</span> 
     </span>
     <span class='ocr_line' id='line_1_25' title="bbox 217 2678 829 2761; baseline -0.011 -19"><span class='ocrx_word' id='word_1_149' title='bbox 217 2686 408 2761; x_wconf 88' lang='lat' dir='ltr'>Captatorque</span> <span class='ocrx_word' id='word_1_150' title='bbox 422 2679 499 2736; x_wconf 87' lang='lat' dir='ltr'>dabit</span> <span class='ocrx_word' id='word_1_151' title='bbox 512 2678 582 2736; x_wconf 91' lang='lat' dir='ltr'>risus</span> <span class='ocrx_word' id='word_1_152' title='bbox 595 2678 697 2736; x_wconf 82' lang='lat' dir='ltr'>Nasica</span> <span class='ocrx_word' id='word_1_153' title='bbox 710 2679 829 2736; x_wconf 80' lang='lat' dir='ltr'>Corano¹</span> 
     </span>
    </p>

    <p class='ocr_par' dir='ltr' id='par_1_11' title="bbox 218 2779 1015 2856">
     <span class='ocr_line' id='line_1_26' title="bbox 218 2779 1015 2856; baseline -0.003 -12"><span class='ocrx_word' id='word_1_154' title='bbox 218 2789 299 2850; x_wconf 83' lang='lat' dir='ltr'>Num</span> <span class='ocrx_word' id='word_1_155' title='bbox 308 2783 394 2841; x_wconf 87' lang='lat' dir='ltr'>furis?</span> <span class='ocrx_word' id='word_1_156' title='bbox 415 2800 451 2838; x_wconf 89' lang='lat' dir='ltr'>an</span> <span class='ocrx_word' id='word_1_157' title='bbox 461 2781 582 2856; x_wconf 90' lang='lat' dir='ltr'>prudens</span> <span class='ocrx_word' id='word_1_158' title='bbox 591 2779 663 2837; x_wconf 81' lang='lat' dir='ltr'>ludis</span> <span class='ocrx_word' id='word_1_159' title='bbox 674 2799 729 2850; x_wconf 86' lang='lat' dir='ltr'>me,</span> <span class='ocrx_word' id='word_1_160' title='bbox 741 2781 856 2840; x_wconf 86' lang='lat' dir='ltr'>obscura</span> <span class='ocrx_word' id='word_1_161' title='bbox 867 2787 1015 2844; x_wconf 77' lang='lat' dir='ltr'>canendo?</span> 
     </span>
    </p>
   </div>
   <div class='ocr_carea' id='block_1_6' title="bbox 109 2881 972 2957">
    <p class='ocr_par' dir='ltr' id='par_1_12' title="bbox 109 2881 972 2957">
     <span class='ocr_line' id='line_1_27' title="bbox 109 2881 972 2957; baseline -0.008 -5"><span class='ocrx_word' id='word_1_162' title='bbox 109 2887 113 2893; x_wconf 41' lang='lat'>⁶</span> <span class='ocrx_word' id='word_1_163' title='bbox 218 2890 246 2947; x_wconf 93' lang='grc' dir='ltr'>Ο</span> <span class='ocrx_word' id='word_1_164' title='bbox 261 2885 415 2952; x_wconf 72' lang='lat' dir='ltr'>Laertiade,</span> <span class='ocrx_word' id='word_1_165' title='bbox 430 2881 565 2957; x_wconf 90' lang='lat' dir='ltr'>quicquid</span> <span class='ocrx_word' id='word_1_166' title='bbox 578 2881 680 2952; x_wconf 89' lang='lat' dir='ltr'>dicam,</span> <span class='ocrx_word' id='word_1_167' title='bbox 694 2892 742 2939; x_wconf 89' lang='lat' dir='ltr'>aut</span> <span class='ocrx_word' id='word_1_168' title='bbox 756 2883 817 2953; x_wconf 86' lang='lat' dir='ltr'>erit,</span> <span class='ocrx_word' id='word_1_169' title='bbox 833 2895 972 2944; x_wconf 86' lang='lat' dir='ltr'>autnon:</span> 
     </span>
    </p>
   </div>
   <div class='ocr_carea' id='block_1_7' title="bbox 218 2983 976 3173">
    <p class='ocr_par' dir='ltr' id='par_1_13' title="bbox 218 2983 976 3173">
     <span class='ocr_line' id='line_1_28' title="bbox 218 2983 914 3061; baseline -0.004 -13"><span class='ocrx_word' id='word_1_170' title='bbox 218 2991 354 3053; x_wconf 84' lang='lat' dir='ltr'>Divinare</span> <span class='ocrx_word' id='word_1_171' title='bbox 367 2985 473 3044; x_wconf 87' lang='lat' dir='ltr'>etenim</span> <span class='ocrx_word' id='word_1_172' title='bbox 485 3003 605 3060; x_wconf 86' lang='lat' dir='ltr'>magnus</span> <span class='ocrx_word' id='word_1_173' title='bbox 618 2983 689 3040; x_wconf 93' lang='lat' dir='ltr'>mihi</span> <span class='ocrx_word' id='word_1_174' title='bbox 701 2985 786 3042; x_wconf 89' lang='lat' dir='ltr'>donat</span> <span class='ocrx_word' id='word_1_175' title='bbox 799 2987 914 3061; x_wconf 84' lang='lat' dir='ltr'>Apollo.</span> 
     </span>
     <span class='ocr_line' id='line_1_29' title="bbox 221 3085 976 3173; baseline -0.001 -24"><span class='ocrx_word' id='word_1_176' title='bbox 221 3092 301 3161; x_wconf 57' lang='lat' dir='ltr'>(aluid</span> <span class='ocrx_word' id='word_1_177' title='bbox 313 3102 407 3154; x_wconf 80' lang='lat' dir='ltr'>tameo</span> <span class='ocrx_word' id='word_1_178' title='bbox 421 3087 470 3146; x_wconf 84' lang='lat' dir='ltr'>isla</span> <span class='ocrx_word' id='word_1_179' title='bbox 483 3085 550 3144; x_wconf 89' lang='lat' dir='ltr'>velit</span> <span class='ocrx_word' id='word_1_180' title='bbox 565 3085 614 3144; x_wconf 88' lang='lat' dir='ltr'>libi</span> <span class='ocrx_word' id='word_1_181' title='bbox 627 3086 731 3156; x_wconf 82' lang='lat' dir='ltr'>sabula,</span> <span class='ocrx_word' id='word_1_182' title='bbox 746 3087 853 3159; x_wconf 85' lang='lat' dir='ltr'>silicet,</span> <span class='ocrx_word' id='word_1_183' title='bbox 867 3091 931 3164; x_wconf 74' lang='lat' dir='ltr'>ede,</span> <span class='ocrx_word' id='word_1_184' title='bbox 973 3167 976 3173; x_wconf 19' lang='grc' dir='ltr'><strong>Δ</strong></span> 
     </span>
    </p>
   </div>
   <div class='ocr_carea' id='block_1_8' title="bbox 0 0 1143 3680">
    <p class='ocr_par' dir='ltr' id='par_1_14' title="bbox 0 0 1143 3680">
     <span class='ocr_line' id='line_1_30' title="bbox 0 0 1143 3680; baseline 0 0"><span class='ocrx_word' id='word_1_185' title='bbox 0 0 1143 3680; x_wconf 95' lang='lat' dir='ltr'> </span> 
     </span>
    </p>
   </div>
  </div>
 </body>
</html>
