2242 3680
403 219 433 286 ¹L
446 220 459 277 I
471 221 503 279 B.
536 220 577 278 II.
616 219 657 277 iii.
898 217 934 276 61

132 345 359 425 Unguentan'us,
375 365 408 404 ac
419 347 506 405 Tusci
519 350 601 406 turba
613 346 702 423 impia
714 346 780 415 vici,

133 453 214 508 Cum
228 449 328 506 scunis
341 450 438 520 fartor,
452 469 519 507 cum
531 450 655 507 Velabro
668 469 753 506 omne
769 449 936 520 Macellum,

132 554 226 610 Mane
234 553 353 609 domum
361 553 485 610 veniant.
502 553 564 610 Qui
575 571 641 610 cum
649 570 751 609 venere
759 553 934 628 frequentem

131 658 230 715 Verba
244 656 313 714 facit
327 657 409 714 leno:
434 656 581 732 Quicquid
594 657 677 728 mihi,
694 657 829 732 quicquid
842 669 871 715 et
885 659 938 715 ho·

214 779 279 817 rum
546 773 548 778 ·

133 864 250 939 Cuique
263 863 341 919 domi
354 863 402 934 est,
416 862 446 920 id
460 864 542 920 crede
556 872 653 932 tuum3
676 871 705 919 et
715 863 758 920 vel
772 883 849 920 nunc
861 873 935 939 pete,

213 967 341 1035 velens,

131 1069 254 1145 Accipe,
269 1061 338 1144 quid
351 1077 450 1125 contra
460 1067 574 1144 juvenis
587 1069 761 1145 responderit
773 1072 884 1145 aequus':

129 1174 182 1229 Tu
196 1172 261 1228 nive
275 1171 390 1228 Lucana
403 1172 487 1228 duras
499 1179 634 1242 ocreatus,
649 1183 682 1230 ut
696 1191 796 1248 aprum

133 1277 258 1332 Coenem
270 1293 324 1350 ego
331 1299 339 1343 5
363 1285 395 1330 tu
408 1273 496 1349 pisces
509 1275 628 1332 hiberno
641 1295 677 1332 ex
691 1295 803 1351 aequorc
816 1277 914 1347 verris3

134 1376 235 1453 Segnis
248 1395 303 1453 ego
316 1375 459 1452 indignus,
474 1377 523 1452 qui
535 1387 647 1448 tantum
658 1378 825 1453 possideam:
841 1379 934 1437 aufer!

134 1483 223 1538 Sume
235 1478 289 1536 tibi
302 1474 410 1550 decies;
433 1479 486 1536 tibi
499 1482 669 1537 tantundem
675 1505 683 1550 3
706 1481 759 1538 tibi
772 1481 884 1558 triplex,

134 1583 224 1640 Unde
236 1599 309 1638 uxor
321 1581 415 1638 media
428 1581 516 1640 currit
529 1583 564 1639 de
578 1582 659 1640 nocie
672 1582 767 1640 citata.

135 1686 226 1744 Filius
239 1685 341 1761 AEsopi
353 1685 509 1744 detractam
522 1705 559 1744 ex
572 1705 639 1744 aure
653 1688 789 1758 Metellae,

136 1789 250 1847 Scilicet
261 1799 295 1846 ut
308 1788 399 1845 decies
413 1788 535 1846 soliddm
546 1789 713 1861 absorberet,
728 1801 807 1849 aceio

135 1893 232 1953 Diluit
244 1894 386 1970 infignem
399 1895 532 1950 baccam:
555 1893 605 1968 qui
618 1893 719 1964 sanior,
734 1915 766 1952 ac
780 1897 800 1952 fi

135 1999 213 2056 Illud
225 1998 303 2054 idem
316 1998 346 2054 in
360 1997 491 2072 rapidum
506 1997 624 2065 fiumen,
641 1996 782 2072 jaceretve
794 1999 942 2058 cloacam?

137 2102 244 2160 Quinti
257 2103 405 2178 progenies
417 2102 493 2171 Arri,
507 2119 558 2176 par
569 2100 664 2157 nobile
677 2101 806 2174 fratrum,
862 2105 864 2112 '

135 2205 287 2282 Nequitia,
306 2213 336 2262 et
347 2203 439 2279 nugis,
458 2221 609 2278 pravorum
622 2214 651 2260 et
664 2209 759 2262 amore
773 2207 941 2281 gemellum.

135 2307 283 2366 Luscinias
296 2298 371 2363 soliti
385 2305 513 2381 impenso
525 2305 662 2381 prandere
675 2309 825 2382 coimptas.

137 2413 287 2469 Quorsum
305 2411 425 2467 abeant?
453 2409 511 2466 sani
530 2418 564 2464 ut
582 2409 667 2479 creta,
692 2427 728 2466 an
747 2413 868 2470 carbone
887 2433 939 2469 no»

216 2511 316 2570 tandi?

135 2617 298 2676 AEdificare
311 2615 396 2685 casas,
408 2614 533 2690 plostello
547 2613 699 2691 adjungere
712 2635 815 2687 mures,

136 2723 250 2780 Ludere
262 2739 313 2796 par
325 2719 425 2795 impar,
439 2718 565 2794 equitare
577 2717 609 2774 in
622 2719 760 2778 arundine
772 2721 867 2798 longa,

137 2825 167 2882 Si
181 2843 269 2900 quem
281 2823 400 2880 delebat
413 2823 573 2890 barbatum,
588 2823 712 2880 amentia
726 2825 824 2881 verset.

137 2928 166 2986 Si
180 2927 316 3004 puerilius
331 2925 374 2982 his
385 2924 457 2982 ratio
470 2923 524 2982 effe
535 2923 647 2981 evincet
660 2944 768 2996 amare;

136 3031 201 3089 Nec
215 3029 374 3106 quidquam
384 3026 505 3097 differre,
517 3035 651 3083 utrumne
662 3027 693 3083 in
704 3029 827 3104 pulvere,
840 3031 942 3091 trimus

138 3135 234 3194 Quale
247 3133 335 3214 prius,
348 3132 434 3190 ducas
447 3149 526 3206 opus,
540 3149 577 3186 an
590 3130 744 3189 meretn'cis
758 3153 855 3194 amore
952 3149 956 3162 ·
