2242 3680
431 189 528 245 LIB.
557 189 596 246 ΙΙ.
636 189 676 246 vi.

398 445 602 503 SATIRA
640 447 693 502 VI.

147 622 222 678 Hoc
235 631 294 679 erat
306 622 337 678 in
350 623 423 681 votis
428 647 437 694 3
458 625 558 682 modus
572 624 633 701 agri
646 641 703 680 non
716 622 756 679 ita
770 641 898 699 maguus,
932 601 937 610 ’

147 725 257 782 Hortus
271 725 328 794 ubi,
343 734 373 782 et
386 726 461 783 tecto
473 726 582 784 vicinus
591 726 668 802 jugis
681 745 761 800 aquae
775 726 846 794 fons,

149 827 188 882 Et
201 826 319 902 paulum
332 827 407 884 sdvae
420 828 501 903 super
514 828 557 884 his
570 829 658 885 foret:
681 827 788 884 auctius
802 838 887 902 atque

147 928 190 984 Di
200 928 301 985 melius
314 929 419 986 secere:
441 931 514 987 bene
526 931 579 986 est:
602 929 674 986 nihil
685 929 805 1004 amplius
818 949 875 999 oro,

148 1029 231 1086 Maia
243 1039 318 1100 nate,
336 1031 388 1087 nisi
402 1041 434 1088 ut
446 1032 558 1108 propria
571 1032 632 1089 haec
645 1033 716 1089 mihi
730 1051 848 1090 munera
863 1033 939 1090 faxis

149 1131 179 1188 Si
192 1152 285 1208 neque
296 1133 433 1208 majorem
446 1134 502 1191 feci
514 1134 623 1192 ratione
635 1135 710 1191 mala
723 1153 793 1204 rem,
850 1137 853 1144 '

147 1235 214 1292 Nec
226 1235 289 1292 sum
303 1235 426 1294 facturus
439 1236 508 1293 vitio
522 1237 639 1312 culpave
650 1237 806 1294 minorem:

148 1336 178 1393 Si
190 1355 307 1394 veneror
319 1338 418 1394 stultus
431 1338 503 1394 nihil
516 1339 632 1408 horum3
656 1339 683 1396 O
699 1341 718 1396 fi
732 1340 852 1415 angulus
863 1340 913 1397 ille

148 1439 296 1496 Proximus
309 1442 432 1510 accedat,
447 1440 496 1515 qui
510 1459 587 1497 nune
600 1441 747 1498 denormat
760 1443 898 1516 agellum!

148 1542 177 1599 O
192 1543 212 1598 s1
224 1561 327 1599 umam
338 1543 448 1618 argenti
460 1543 517 1600 sors
530 1563 593 1618 quae
606 1542 677 1600 mihi
691 1543 833 1614 monstret,
847 1553 882 1601 ut
894 1544 947 1617 illi,

147 1644 293 1701 Thesauro
305 1643 421 1701 invento
435 1643 484 1720 qui
497 1643 685 1701 mercenarius
698 1663 799 1721 agrum

126 1743 129 1748 ’
148 1747 236 1804 Illum
250 1747 343 1823 ipsum
356 1757 495 1804 mercatus
509 1746 606 1816 aravit,
620 1746 697 1803 dives
711 1747 802 1804 amico

148 1851 282 1907 Hercule.
318 1848 446 1924 Si‚'qu0d
460 1849 544 1917 adest,
558 1858 671 1924 gratum
680 1849 775 1924 juvat;
798 1850 852 1908 hac
864 1871 948 1928 prece

227 1962 256 2008 te
274 1971 333 2019 oro,

147 2054 258 2130 Pingue
270 2073 355 2129 pecus
368 2053 483 2110 domino
497 2053 593 2123 facias,
607 2063 636 2109 et
649 2063 757 2124 caetera,
775 2065 876 2131 praeter

148 2156 321 2234 Ingenium:
343 2165 432 2232 utque
444 2156 521 2223 soles,
533 2156 622 2212 custos
632 2156 704 2212 mihi
715 2157 856 2214 maximus
867 2159 946 2218 adfis.

147 2261 234 2336 Ergo,
245 2259 295 2317 ubi
305 2258 391 2316 mein
402 2267 513 2315 montes
520 2268 549 2313 et
558 2257 590 2313 in
602 2275 696 2314 arcem
705 2277 741 2315 ex
749 2261 819 2316 urbe
830 2263 947 2332 removi,

150 2361 232 2419 Quid
244 2361 321 2438 prius
333 2361 469 2418 illustrem
483 2359 587 2429 Satiris,
601 2359 741 2436 Musdque
753 2362 888 2436 pedestri>

148 2466 214 2522 Nec
225 2465 300 2522 mala
311 2483 358 2521 me
368 2462 486 2521 ambitio
497 2462 598 2538 perdit,
613 2481 665 2520 nec
674 2463 823 2538 plumbeus
834 2467 948 2538 Auster,

148 2568 372 2642 Autumnusque
384 2564 484 2642 gravis,
499 2563 632 2621 Libitinae
643 2565 761 2640 quaestus
772 2569 887 2627 acerbae.

148 2669 296 2726 Matutine
307 2677 397 2744 pater,
417 2669 465 2724 seu
477 2667 548 2742 Jane
558 2666 691 2724 libentius
704 2668 792 2739 audis,

148 2773 236 2830 Unde
250 2770 377 2828 homines
391 2788 508 2846 operum
520 2769 625 2844 primos
637 2769 760 2846 vitaeque
772 2772 882 2830 labores

149 2874 316 2943 instituunt,
333 2873 384 2948 (sic
397 2873 439 2929 dis
452 2871 601 2948 placitum)
617 2881 650 2929 tu
662 2873 794 2930 carminis
807 2876 863 2931 esto

62 2985 66 2991 ‘
149 2976 332 3052 Principium.
373 2977 472 3032 Romae
482 2974 641 3050 sponsorem
654 2993 700 3032 me
712 2971 798 3050 rapis:
822 2976 874 3035 Eia

147 3080 196 3137 Ne
208 3079 284 3156 prior
297 3077 391 3138 officio
405 3077 557 3153 quisquam
567 3076 743 3152 respondeat,
757 3096 863 3154 urguet:
939 3119 943 3134 .
