2238 3686
205 231 264 310 {40
414 228 788 294 EPISTOLARUM,

205 351 312 421 Virtus,
328 352 448 428 indigno
460 373 519 410 non
530 354 736 414 committenda
747 356 849 430 poetae.

204 453 309 511 Gratus
322 455 487 514 Alexandro
500 458 561 533 regi
573 459 684 534 Magno
695 457 753 514 fuit
763 457 813 513 ille

203 557 356 626 Choerilus,
369 558 484 616 incultis
496 562 547 634 qui
556 561 687 628 rerfibns,
700 569 731 616 et
742 559 817 616 male
830 557 912 625 natis,

206 659 329 716 Rettulit
340 671 478 736 acceptos,
490 663 584 738 regale
597 662 746 730 nomisma,
759 660 911 736 Philippos.

206 763 270 840 Sed,
284 763 371 820 veluti
385 764 502 820 traRata
513 776 612 822 notam
624 765 774 838 labemque
785 762 937 819 remittunt

206 867 386 936 Atramenti,
399 867 460 924 fere
469 867 615 942 scriptores
627 867 753 924 carmine
765 865 842 922 foedo

207 968 358 1042 Splendida
371 969 446 1026 falia
458 969 563 1026 linunt.
602 971 685 1026 Idem
695 987 745 1025 rex
754 968 812 1036 ille,
832 968 935 1042 poema

206 1069 270 1126 Qui
280 1079 341 1127 tam
352 1070 505 1128 ridiculum
518 1081 578 1128 tam
591 1091 655 1128 care
665 1071 800 1146 prodigus
811 1069 894 1140 emit,

207 1172 307 1229 Edicto
319 1172 411 1230 vetuit
421 1193 458 1230 ne
470 1174 534 1248 quis
546 1174 585 1243 se,
597 1184 699 1248 praeter
708 1173 842 1249 Apellon‚

207 1275 348 1350 Pingeret,
363 1286 414 1333 aut
426 1277 496 1334 alius
509 1277 630 1351 Lysippo
643 1277 759 1332 duceret
770 1295 825 1332 aera

207 1377 298 1433 Fortis
311 1378 469 1435 Alexandri
482 1379 594 1434 mltum
607 1378 775 1436 simulantia.
810 1379 933 1436 Quodn

207 1480 353 1558 Judicium
365 1481 468 1538 subtile
480 1481 607 1538 videndis
620 1481 727 1538 artibus
738 1481 811 1538 illud

207 1584 257 1640 Ad
267 1583 361 1652 libros,
374 1595 404 1640 et
417 1585 453 1640 ad
466 1583 527 1640 haec
541 1584 689 1640 Musarum
703 1585 787 1654 dona,
799 1603 926 1654 vocarem

208 1687 342 1742 Boeotum
354 1686 385 1741 in
398 1685 484 1742 craffo
492 1685 599 1761 jurares
612 1687 676 1742 aire
688 1694 797 1742 natum.

209 1794 251 1846 At
263 1808 355 1863 neque
366 1790 535 1845 dedecorant
548 1799 596 1844 tua
610 1789 646 1844 de
659 1787 688 1871 ie
695 1787 812 1864 judicia,
826 1796 912 1863 atque

207 1894 339 1962 Munera,
353 1912 417 1967 quae
429 1892 521 1948 multi
534 1891 627 1948 dantis
640 1911 707 1948 cum
722 1892 806 1948 laude
819 1893 954 1963 tulerunt,

207 1995 311 2052 Dileui
325 1994 387 2066 tibi,
400 1994 536 2072 Virgilius
549 1994 708 2068 Variusque
721 1995 828 2069 poetae:

207 2099 271 2156 Nec
283 2098 374 2174 magis
386 2097 502 2173 expreffi
516 2097 610 2154 vultus
621 2116 673 2172 per
683 2096 790 2154 ahenea
801 2097 888 2172 figna,

208 2203 306 2260 Quam
319 2220 369 2276 pcr
381 2201 453 2258 vatis
463 2220 533 2276 opus
546 2219 639 2258 mores
654 2199 800 2276 animique
809 2199 935 2257 virorum

207 2304 356 2360 Clarorum
369 2314 517 2381 apparent:
540 2321 593 2359 nec
605 2302 745 2360 sennones
755 2321 809 2378 ego
821 2303 939 2360 mallem

207 2407 347 2482 Repentes
357 2427 407 2482 per
419 2405 550 2486 humum,
563 2425 651 2480 quam
661 2425 703 2462 res
716 2425 885 2481 componere
898 2387 1001 2484 gestam

207 2511 416 2584 Terrarumque
429 2509 505 2579 fitus;
519 2517 549 2565 et
562 2508 681 2566 fiumina
695 2508 796 2580 dicere,
810 2517 840 2566 et
852 2529 928 2567 arces

209 2611 359 2669 Montibus
371 2612 523 2686 impositas,
536 2619 566 2667 et
578 2612 695 2668 barbara
705 2629 800 2686 regna,
814 2611 926 2688 tuisque

207 2714 348 2790 Auspiciis
362 2723 455 2770 totum
465 2713 593 2770 confecta
606 2713 700 2770 duella
712 2732 763 2789 per
775 2716 882 2785 orbem,

207 2818 390 2892 Claustraque
404 2816 547 2872 custodem
559 2815 635 2890 pacis
647 2815 808 2874 oohibentia
820 2817 935 2892 Janum,

207 2921 245 2976 Et
258 2921 443 2977 formidatum
455 2917 573 2989 Parthis,
587 2928 616 2974 te
629 2917 766 2994 principe,
780 2920 914 2990 Romarm

208 3023 398 3100 Si„quantum
415 3040 556 3098 cuperem,
575 3021 682 3097 poffem
700 3041 827 3099 quoque:
849 3023 897 3081 sed
910 3041 1000 3099 neque

242 3175 245 3181 Δ
285 3142 403 3199 parvum
