2242 3680
152 179 191 246 76
404 156 715 252 sannionum,

154 305 271 362 Cervius
284 307 346 364 haee
359 308 433 366 inter
447 307 554 366 vicinus
568 309 656 386 garrit
669 306 755 365 aniles
782 361 785 368 .

152 409 196 464 Ex
209 427 239 464 re
252 409 376 467 fabellas.
418 411 446 468 Si
460 411 521 487 quis
534 431 601 468 nam
613 411 710 468 laudat
723 407 817 466 Arelli
1107 481 1108 484 Ἴ

154 510 281 569 Solicitas
292 513 408 588 ignarus
421 533 495 590 opes,
516 514 553 570 fic
565 513 680 588 incipit:
702 511 783 568 Olim
1098 524 1105 683 ι

71 643 75 648 ·
153 613 282 672 Rusticus
295 619 436 674 urbanum
449 635 559 674 murem
573 635 636 672 mus
647 632 769 690 paupere
782 613 873 668 fertur

151 717 298 796 Accepisse
309 737 385 789 cav0,
400 729 525 776 veterem
539 727 618 776 vetus
629 717 727 792 hospes
741 714 881 784 amicum,

151 820 251 895 Asper,
266 833 296 878 et
308 829 432 878 attentus
446 821 576 896 quaesitis,
590 829 624 877 ut
637 829 733 876 tamen
747 818 857 876 arstum

153 923 276 980 Solveret
298 924 424 1008 hospitiis
443 923 580 980 animum.
623 921 703 978 Ouid
721 921 832 977 multa?
855 937 950 994 neque

228 1025 277 1084 ille

151 1127 268 1202 Sepofiti
281 1127 385 1197 ciceris,
407 1147 459 1185 nec
472 1129 566 1204 longae
577 1126 680 1184 invidit
693 1145 802 1183 avenae:

150 1229 274 1288 Aridum
286 1239 316 1286 et
329 1248 376 1287 ore
390 1230 481 1286 ferens
495 1230 618 1300 acinum,
631 1228 792 1302 semesaque
804 1226 876 1284 lardi

145 1332 255 1402 Prusia,
269 1331 360 1403 dedit,
383 1332 497 1408 cupiens
510 1331 586 1389 varia
598 1330 707 1388 fastidia
720 1330 803 1386 coenal

150 1433 272 1498 Vincere
286 1435 428 1512 tangentis
440 1435 515 1492 male
526 1434 635 1510 fingula
647 1433 731 1490 dente
744 1432 877 1507 superbo:

150 1539 227 1593 Cum
239 1547 319 1613 pater
331 1537 390 1613 ipse
403 1538 512 1608 domus,
526 1537 605 1611 palea
618 1537 758 1612 porreslus
771 1535 802 1592 in
815 1534 914 1604 homa,
1102 1580 1107 1613 ι

149 1639 225 1697 Esset
236 1641 305 1696 ador
318 1639 483 1713 loliumque,
498 1639 576 1714 dapis
590 1638 705 1696 meliora
719 1638 889 1713 relinquens.

148 1742 279 1797 Tandem
292 1742 414 1798 urbanus
429 1742 464 1797 ad
482 1741 573 1798 hunc:
598 1739 678 1798 Quid
692 1749 720 1796 te
730 1738 820 1815 juvat,
841 1739 944 1815 inquit,

228 1842 326 1912 amice,

149 1945 285 2021 Praerupti
298 1943 419 2003 nemoris
432 1945 589 2020 patientem
602 1943 695 2002 vivere
706 1944 804 2001 dorso?

138 2046 200 2113 „Vis
215 2057 247 2104 tu
260 2046 388 2104 homines
398 2049 554 2122 urbemque
567 2046 633 2104 seris
646 2065 808 2122 praeponere
822 2046 913 2104 silvis?

150 2151 241 2226 Carpe
254 2149 339 2220 viam,
358 2149 433 2206 mihi
447 2151 537 2220 crede,
551 2168 657 2218 comes,
680 2149 816 2206 terrestria
830 2151 945 2225 quande

148 2253 286 2320 Mortales
299 2251 406 2309 animas
418 2251 519 2334 vivunt
532 2250 636 2322 sortita,
651 2270 743 2328 neque
755 2253 814 2308 ulla
827 2254 867 2310 est

148 2356 210 2420 Aut
221 2373 334 2430 magno,
348 2364 397 2412 aut
410 2373 504 2430 parvo,
521 2353 572 2411 leti
584 2353 667 2430 suga:
689 2373 755 2430 quo,
767 2357 850 2427 bone,
862 2355 946 2428 circa,

149 2457 230 2513 Dum
242 2456 317 2524 lioet,
330 2456 362 2512 in
374 2459 456 2514 rebus
464 2455 597 2532 jucundis
610 2456 674 2513 vive
689 2459 785 2514 beatus
791 2483 799 2528 3

149 2559 223 2622 Vive
236 2577 345 2614 memor
357 2545 444 2634 quam
457 2559 490 2615 sis
503 2558 556 2615 aevi
569 2558 668 2615 brevis.
702 2561 773 2616 Haec
785 2560 835 2617 ubi
848 2560 924 2619 dista

150 2661 299 2737 Agrestem
311 2661 451 2735 pepulere,
466 2662 550 2718 domo
563 2659 632 2718 levis
644 2661 749 2718 exsilit:
771 2661 838 2719 inde

44 2803 46 2810 ι
150 2766 247 2822 Ambo
260 2762 432 2838 propofitum
444 2771 584 2838 peragunt
596 2763 658 2832 iter,
678 2763 754 2821 urbis
768 2773 881 2822 aventes

150 2863 401 2922 Moenianosmrni
414 2859 570 2940 subrepere.
610 2867 732 2956 Jamque
745 2870 860 2925 tenebat
982 2853 986 2860 ¹

150 2967 219 3032 Nou
232 2967 359 3024 medium
371 2965 436 3024 coeli
449 2966 579 3042 spatium,
594 2987 660 3024 cum
673 2969 753 3044 ponit
766 2977 885 3046 uterque

150 3069 186 3127 In
199 3070 338 3145 locuplete
351 3071 436 3129 domo
449 3069 565 3146 vestigia
569 3094 577 3142 3
600 3073 685 3129 rubro
698 3071 748 3129 ubi
761 3091 845 3130 cocco
938 3091 947 3130 4
