2238 3686
206 251 263 303 roo
407 211 776 315 urisroiaruu,

204 373 243 428 Et
255 370 404 430 domiuum
417 373 531 444 fallunt,
543 385 574 431 et
586 374 703 450 prosunt
716 372 834 430 fluibus.
869 371 955 446 Ergo,

205 475 235 530 Si
247 493 291 532 ree
302 475 359 532 sola
372 476 462 550 potest
472 476 564 532 facere
575 485 604 533 et
617 477 724 534 servare
737 479 862 544 beatum,

206 577 272 633 Hoc
285 577 392 652 primus
405 589 516 653 repetas
528 598 608 655 opus,
621 579 677 636 hoc
689 579 843 654 postremus
856 575 979 633 omittas.

207 680 236 735 Si
249 680 428 744 fortunatum
440 681 553 756 species,
563 691 593 738 et
606 680 697 758 gratia
709 682 828 757 praestat,

206 783 371 840 Meroemur
382 782 503 852 servum,
516 784 569 859 qui·
579 784 665 842 diuet
679 784 805 852 uomina,
818 783 924 839 laevum

208 884 270 945 Qui
282 883 389 942 fodicet
400 884 484 954 latus,
497 895 527 941 et
540 895 623 962 cogat
636 895 713 944 trans
725 887 849 962 pondera
860 886 990 942 dextram

208 987 365 1063 Porrigere:
388 987 446 1044 Hic
455 989 581 1050 multum
592 988 623 1046 in
636 989 723 1046 Fabia
735 989 820 1058 valet,
832 988 882 1044 ille
888 985 1007 1055 Veliam

208 1090 265 1146 Cui
278 1089 349 1146 libet
360 1089 384 1145 is
399 1089 487 1146 fasces
497 1090 587 1160 dabit,
599 1091 756 1167 eripietque
768 1091 866 1150 curule

175 1197 181 1204 '
208 1193 266 1252 Cui
276 1193 353 1248 volet
366 1191 546 1267 importunus
558 1195 637 1250 ebur.
677 1195 782 1264 Frater,
796 1195 888 1262 Pater,
902 1192 988 1260 adde;
1106 1181 1108 1260 i

208 1297 252 1354 Ut
265 1294 369 1370 cuique
380 1295 421 1352 est
433 1303 509 1364 aetas,
523 1295 564 1352 ita
576 1315 720 1372 quemque
731 1297 839 1354 moetus
852 1295 965 1370 adopta.
1106 1285 1108 1306 ³

208 1400 248 1470 si,
262 1401 335 1456 bene
347 1397 398 1473 qui
410 1407 514 1466 coeuat,
533 1400 607 1454 bene
617 1398 702 1468 vivit5
724 1399 811 1468 lucet,
824 1416 931 1466 eamus,

210 1503 279 1559 Ouo
291 1500 373 1558 ducit
384 1501 464 1576 gula:
486 1500 635 1575 piscemur‚
647 1519 801 1570 venemur5
822 1509 857 1558 ut
869 1499 940 1557 olim

210 1603 363 1680 Gargilius,
377 1603 428 1678 qui
440 1621 525 1660 mane
537 1603 644 1681 plagas,
657 1604 805 1674 venabula,
818 1603 920 1672 servor,

209 1707 366 1765 Differtum
377 1706 492 1762 traufire
504 1706 600 1762 sorum
611 1707 810 1782 Campumque
815 1704 944 1782 jubebat,
1106 1719 1108 1822 A

210 1812 295 1869 Unus
307 1818 337 1866 et
349 1827 365 1864 e
376 1809 484 1877 multis,
496 1809 602 1883 populo
615 1809 765 1884 spouante,
778 1808 895 1866 referret

207 1915 331 1972 Emtum
341 1911 436 1969 mulus
447 1929 554 1986 aprum.
595 1911 686 1969 Crudi
696 1911 856 1986 tumidique
864 1912 992 1970 lavemur
997 1934 1007 1980 3

213 2016 295 2074 Ouid
307 2016 415 2083 deceat,
428 2013 498 2088 quid
510 2033 578 2083 nou,
591 2014 687 2084 obliti;
709 2015 814 2072 Caerite
825 2015 890 2072 cera

211 2117 302 2195 Digni
307 2142 316 2187 3
337 2115 491 2191 remigium
502 2115 636 2174 vitiosum
649 2117 801 2174 Ithaoeufis
817 2117 933 2193 Ulyffei,
1105 2163 1106 2168 ,

212 2223 270 2280 Cui
281 2221 374 2298 potior
386 2219 476 2298 patria
489 2219 546 2276 fuit
557 2219 704 2278 interdieta
718 2221 856 2296 voluptas.

213 2326 251 2393 Si,
266 2324 457 2382 Mimnermus
469 2321 513 2378 uti
523 2323 626 2393 censet,
641 2323 698 2380 fine
711 2343 807 2383 amore
813 2323 941 2400 jocisque

212 2428 266 2486 Nil
278 2428 316 2486 est
325 2427 499 2502 jucundum3
521 2425 597 2484 vivas
609 2425 640 2484 in
654 2446 749 2484 amore
758 2425 895 2503 jocisque.

212 2531 296 2600 Vive,
309 2530 385 2586 vale:
408 2529 429 2586 fi
442 2528 511 2604 quid
524 2528 624 2586 novisti
636 2529 738 2586 reffius
751 2529 816 2600 istis,

127 2713 130 2724 Ι
214 2632 360 2691 Candidus
372 2632 500 2708 imperti3
522 2632 623 2702 finon,
638 2631 773 2690 hisutere
785 2651 909 2691 mecum.
