2242 3680
165 182 207 244 60
417 185 723 255 SERMONUM,

165 309 252 381 Fecit,
266 330 333 368 cum
347 312 440 370 stravit
454 314 529 370 ferro
540 314 641 388 pecus?
664 309 797 370 abstinuit
809 310 870 368 vim

165 413 263 470 Uxore
273 423 303 470 et
316 425 420 491 gnato:
443 416 518 474 mala
531 416 622 474 multa
636 423 764 492 precatus
777 413 897 484 Atridis,

165 516 234 572 Nou
247 515 295 572 ille
308 525 357 574 aut
368 519 521 587 Teucrum,
534 528 584 576 aut
597 518 689 594 ipsum
700 516 816 574 violavit
825 515 964 592 Ulyssem.

165 618 274 674 Verum
288 634 351 694 ego,
365 629 397 676 ut
410 620 547 678 haerentes
561 621 675 678 adverso
687 621 783 677 littore
794 639 879 678 naves

164 719 318 796 Eriperem,
332 723 454 796 prudens
466 723 574 798 placavi
587 721 722 798 sanguine
735 721 822 778 divos.

164 823 280 899 Nempe
293 833 351 894 tuo,
367 825 479 882 furiose.
519 826 604 896 Me03
630 826 749 882 sednon
762 824 893 884 furiosus.

166 926 227 984 Qui
242 927 344 1002 [paucies
357 927 424 986 alias
436 927 503 997 veri,
518 928 682 1002 scelerisque
695 929 823 984 tumultu

164 1029 318 1100 Permitlas,
333 1030 433 1105 capiet,
448 1039 606 1088 commotus
620 1031 786 1101 habebitur,
808 1040 904 1106 atque,

164 1133 328 1193 stultitiane
341 1145 422 1203 erret,
436 1134 560 1192 nihilum
573 1135 694 1205 distabit,
708 1154 743 1192 an
756 1135 807 1191 irai.

164 1236 241 1314 Ajax
252 1257 319 1296 cum
331 1236 485 1294 immeritos
497 1238 610 1308 occidit,
625 1238 734 1313 desipit,
747 1240 851 1314 agnos?

165 1343 242 1399 Cum
254 1342 376 1418 prudens
389 1341 477 1398 scelus
490 1344 527 1399 ob
541 1341 637 1398 titulos
651 1341 777 1398 admittis
791 1341 897 1411 inanes,

164 1447 224 1502 Stas
238 1445 350 1504 animo?
372 1454 402 1502 et
412 1464 516 1521 purum
529 1445 577 1516 est,
591 1443 661 1501 vitio
674 1443 726 1501 tibi
739 1463 806 1502 cum
818 1444 965 1502 tumidum

241 1549 288 1618 est,
303 1551 370 1605 cor?

71 1713 73 1726 ,
164 1650 192 1708 Si
206 1650 268 1726 quis
281 1650 381 1708 lectica
395 1650 514 1708 nitidam
529 1651 635 1726 gestare
648 1659 724 1706 amet
738 1668 851 1726 agnam,

162 1751 241 1810 Huic
249 1752 361 1822 vestem,
372 1761 404 1808 ut
413 1760 506 1827 gnatae
514 1763 602 1827 pater,
618 1752 731 1810 ancillas
742 1763 830 1828 paret,
843 1772 959 1824 aurum,

163 1855 278 1924 Rufum,
294 1865 343 1912 aut
357 1854 486 1912 Pusillam
499 1855 630 1930 appellet,
644 1854 767 1930 fortique
780 1855 882 1913 marito

162 1957 291 2016 Destinet
303 1975 421 2014 uxorem
427 1982 435 2027 3
458 1957 608 2015 interdicto
621 1956 688 2014 huic
700 1975 786 2014 omne
799 1958 907 2016 adimat
914 1957 927 2034 j

161 2062 274 2132 Praetor,
288 2069 317 2118 et
331 2061 366 2117 ad
380 2060 459 2117 sanos
472 2062 554 2116 abeat
567 2059 655 2116 tutela
668 2059 848 2136 propinquos.

162 2166 260 2226 Quid?
283 2164 378 2241 fiquis
392 2173 509 2242 gnatam
521 2183 572 2239 pro
585 2164 666 2236 muti
680 2165 798 2222 devovet
811 2166 894 2242 agna,
960 2159 963 2164 ’
1045 2145 1047 2149 ’

160 2271 276 2346 Integer
288 2269 327 2326 est
340 2267 445 2326 animi?
467 2285 503 2323 ne
516 2266 628 2324 dixeris.
669 2268 754 2343 Erg0,
773 2268 823 2325 ubi
836 2287 923 2344 prava

159 2370 295 2440 Stultitia,
310 2371 357 2428 hic
370 2371 409 2428 est
422 2369 531 2426 summa
543 2369 666 2427 insania:
689 2369 739 2446 qui
752 2371 910 2443 sceleratus,

160 2477 198 2533 Et
211 2473 330 2532 furiosus
342 2473 408 2530 erit:
431 2491 518 2548 quem
529 2472 604 2548 cepit
614 2473 702 2530 vitrea
715 2473 801 2544 fama,

161 2579 248 2636 Hunc
262 2574 462 2634 circumtonuit
474 2575 599 2650 gaudens
612 2575 728 2632 Bellona
742 2577 873 2636 cruentis.

157 2683 190 2740 N
194 2700 248 2738 unc
267 2699 328 2756 age,
349 2675 492 2735 luxuriam
510 2686 540 2733 et
558 2676 776 2737 Nomentanum
794 2680 884 2758 arripe
897 2701 960 2740 me·

237 2803 312 2842 curn.

159 2888 264 2946 Vincet
277 2885 355 2946 enim
366 2884 463 2942 stultos
475 2881 547 2940 ratio
559 2881 681 2940 insanire
694 2892 817 2960 nepotes.

159 2991 225 3062 Hic,
240 2991 321 3048 simul
335 2987 442 3064 accepit
454 2987 607 3064 patrimoni
620 2985 699 3044 mille
712 2988 827 3060 talenta,

159 3092 260 3164 Edicit,
273 3092 394 3166 piscator
405 3090 457 3160 uti,
471 3087 623 3165 pomarius,
638 3108 749 3165 auceps,
