2238 3686
414 215 505 290 mn.
536 234 559 290 1.
599 231 658 291 xix.
869 223 938 301 '127

136 351 256 418 Ostendi
270 355 362 426 Latio,
375 377 506 416 numeros
518 359 682 435 animosque
695 359 805 416 secutus

136 457 313 529 Archilochi,
328 478 385 516 non
398 480 450 530 res,
467 472 497 518 et
511 461 624 539 agentia
635 463 721 518 verba
736 463 908 538 Lycamben.

135 561 192 628 Ac,
206 578 243 616 ne
256 579 303 617 me
316 561 390 618 foliis
401 561 465 620 ideo
478 563 650 620 brevioribus
663 583 753 633 ornes,
856 595 858 602 >

136 662 226 718 Quod
241 662 324 720 timui
338 675 448 722 mutare
461 667 559 722 modos
572 676 601 722 et
614 665 745 724 carminis
758 675 865 738 artem,

133 764 289 839 Temperat
298 765 464 823 Archilochi
474 767 584 824 musam
594 769 666 843 pede
677 768 799 826 mascula
811 771 931 847 Sappho,

133 866 289 941 Temperat
300 868 428 939 Alcaeus,
450 869 498 925 sed
517 872 599 926 rebus
612 880 642 927 et
654 870 752 928 ordine
765 871 858 947 dispar
862 897 870 942 3

133 967 199 1025 Nec
211 968 338 1027 socerum
353 971 462 1046 quaerit,
477 991 563 1046 quem
575 973 698 1047 verfibus
709 973 817 1031 oblinat
831 974 905 1043 atris,
920 955 922 966 ¹

132 1073 200 1130 Nec
213 1065 319 1149 sponsae
332 1075 466 1150 laqueum
479 1076 587 1133 famoso
600 1077 724 1134 carmine
736 1077 832 1135 nectit.

131 1175 221 1232 Hunc
233 1194 297 1252 eg0,
312 1195 369 1234 non
383 1177 439 1234 alio
452 1177 561 1235 dictum
573 1178 650 1253 prius
663 1197 720 1250 ore,
734 1180 851 1237 Latinus

131 1278 258 1355 Vulgavi
269 1279 386 1337 fidicen:
405 1279 495 1356 juvat,
510 1263 706 1338 immemorata
721 1281 868 1352 ferentem,

130 1381 267 1458 Ingenuis
281 1381 424 1457 oculisque
437 1383 503 1459 legi,
517 1383 704 1458 manibusque
716 1385 814 1441 teneri.

131 1482 208 1540 Scire
220 1483 289 1541 velis
301 1464 365 1542 mea
377 1503 429 1542 cur
440 1484 568 1562 ingratus
580 1485 713 1560 opuscula
726 1486 813 1544 lector

130 1586 242 1643 Laudet
253 1595 384 1661 ametque
394 1586 481 1657 domi,
490 1597 601 1663 premat
609 1598 690 1646 extra
698 1587 786 1646 limen
796 1589 925 1665 iniquus?

129 1688 163 1745 N
163 1707 201 1745 on
213 1707 267 1765 ego
280 1689 402 1746 ventosae
414 1689 504 1765 plebis
516 1689 648 1767 suffragia
661 1709 748 1748 venor

129 1791 267 1866 Impenfis
278 1811 432 1861 coenarum,
445 1802 474 1850 et
488 1793 563 1850 tritae
576 1811 693 1851 munere
705 1794 799 1852 vestis‘:

128 1893 273 1970 Noneg0,
287 1893 426 1952 nobilium
439 1895 606 1970 scriptorum
619 1896 730 1955 auditor
741 1909 771 1957 et
782 1899 866 1970 ultor,

128 1997 335 2054 Grammaticas
348 1997 456 2055 ambire
469 1997 557 2056 tribus
571 2008 600 2055 et
612 1999 722 2075 pulpita
733 2001 849 2077 dignor:

127 2099 207 2156 Hinc
219 2100 276 2156 illae
288 2099 419 2164 lacrimae.
461 2099 554 2175 Spiffis
566 2101 685 2178 indigna
698 2102 814 2161 theatris

127 2202 237 2278 Scripta
248 2203 336 2279 pudet
349 2189 474 2272 recitare,
487 2211 517 2259 et
530 2203 613 2280 nugis
626 2181 728 2262 addere
740 2203 858 2280 pondus,

127 2304 157 2362 Si
170 2304 244 2362 dixi:
267 2304 361 2376 Rides,
375 2305 429 2375 ait,
451 2315 481 2362 et
493 2305 570 2381 Jovis
582 2306 695 2364 auribus
706 2307 755 2365 ista

126 2408 237 2464 Servas:
260 2406 324 2463 fidis
336 2406 414 2464 enim
426 2425 541 2464 manare
553 2408 662 2483 poetica
676 2410 761 2467 mella

124 2512 169 2569 Te
183 2510 282 2578 solum,
300 2510 352 2567 tibi
365 2511 491 2586 pulcher.
531 2512 579 2569 Ad
592 2511 653 2569 haec
667 2532 721 2588 ego
734 2515 846 2574 naribus
859 2519 902 2575 uti

125 2614 272 2684 Formido5
294 2621 332 2683 et,
343 2613 475 2671 luctantis
488 2623 571 2670 acuto
585 2633 620 2670 ne
632 2615 708 2673 secer
724 2617 823 2695 ungui,

124 2715 265 2792 Displicet
277 2715 326 2773 iste
338 2716 424 2784 locus,
439 2716 531 2772 clamo
536 2739 545 2787 3
566 2725 596 2774 et
608 2716 715 2775 diludia
731 2719 823 2793 posco.

124 2820 223 2876 Ludus
236 2817 313 2876 enim
325 2817 424 2894 genuit
438 2800 579 2894 trepidum
590 2829 741 2890 certamen,
754 2831 783 2878 et
794 2821 879 2892 iram,

122 2923 170 2980 lra
185 2930 275 2979 truces
289 2919 461 2990 inimicitias,
475 2928 504 2976 et
518 2920 636 2978 funebre
648 2921 762 2984 bellum,
