2242 3680
386 271 476 329 Llll.
502 272 526 330 1.
565 270 603 329 iv.
862 269 898 338 1¹9

102 393 198 452 Ebrius
210 403 249 466 et,
269 415 408 474 magnum
421 371 497 474 quod
511 399 639 468 dedecus,
660 394 788 454 ambulet
799 404 866 453 ante

101 497 131 554 N
131 499 222 556 obtem
235 518 302 557 cum
315 501 433 558 facibus.
473 499 626 576 Numquid
639 499 807 576 Pomponius
820 498 877 558 istis
890 497 893 506 Δ

101 601 220 660 Audiret
233 602 347 673 leviora,
362 605 474 680 paterii
487 603 611 660 viveret?
634 603 710 678 Ergo

102 701 166 762 Non
179 703 244 761 satis
255 706 295 764 est
308 705 385 782 puris
398 706 509 764 vertum
522 705 690 782 perscribere
702 703 807 773 verbis;

101 805 196 863 ‘Quem
209 807 230 863 fi
241 807 380 876 dissolvas,
392 808 485 884 quivis
498 807 686 865 stomachetur
698 807 799 864 eodem
842 827 844 832 ·

103 907 170 965 Quo
182 909 348 984 personatus
359 911 442 986 padio
454 919 541 986 pater.
582 909 645 980 His,
666 929 720 987 ego
733 929 796 985 quae
810 927 894 980 nunc,

100 1009 178 1068 Olim
190 1031 255 1086 quae
269 1011 375 1089 scripsit
387 1013 521 1083 Lucilius,
542 1011 642 1089 eripias
655 1013 675 1068 fi

98 1109 238 1189 'Tempora
259 1125 336 1172 certa
356 1117 521 1196 modosque,
546 1126 584 1186 et,
610 1117 687 1191 qnod
704 1114 782 1190 prius
798 1114 897 1172 ordine

174 1219 293 1275 verbum
308 1219 355 1288 est,

101 1315 233 1377 Posterius
246 1319 344 1390 facias,
365 1339 527 1399 praeponens
540 1321 642 1378 ultima
654 1319 766 1397 primis,

101 1421 175 1492 Non,
190 1433 223 1480 ut
237 1423 259 1480 si
272 1423 370 1493 solvas,
392 1431 400 1456 ‘
414 1425 562 1498 Postquam
573 1423 708 1480 discordia
722 1432 794 1480 tetra

99 1529 110 1555 '‘
121 1525 190 1584 Belli
203 1528 322 1584 ferratos
335 1527 433 1602 postes,
453 1535 604 1602 portasque
615 1525 754 1602 refregit3'

101 1627 228 1688 Invenias
240 1629 328 1688 etiarn
341 1628 448 1706 disjecti
461 1632 588 1686 membra
601 1629 702 1704 poetae,

101 1721 244 1790 Hactenus
257 1732 332 1788 haec²z
355 1732 431 1802 alias,
442 1729 548 1807 justum
561 1731 595 1788 fit
608 1749 697 1789 necne
709 1732 808 1807 po'e'mu
815 1757 824 1803 3

101 1833 186 1890 Nunc
197 1834 270 1892 illud
284 1843 397 1892 tantum
407 1853 541 1909 quaeram,
560 1834 699 1892 meritone
711 1835 765 1891 tibi
779 1835 813 1892 fit

99 1937 263 2013 Suspectum
277 1955 365 2013 genus
378 1937 433 1994 hoc
446 1936 592 1994 scribendi.
633 1937 742 1995 Sulcius
754 1957 818 1996 acer

100 2039 248 2109 Ambulat,
262 2049 291 2096 et
305 2039 431 2116 Caprius,
451 2039 528 2096 rauci
542 2040 624 2110 male,
642 2059 765 2116 cumque
777 2041 893 2111 libellis;

100 2143 224 2220 Magnus
237 2153 356 2218 uterque
370 2141 455 2198 timor
466 2141 635 2200 latronibus:
658 2152 696 2213 at,
707 2145 778 2200 bene
790 2144 810 2200 sr
822 2144 884 2219 quis

100 2245 136 2302 Et
145 2246 225 2304 vivat
237 2244 313 2320 puris
325 2243 466 2314 manibus,
481 2254 645 2302 contemnat
656 2256 818 2320 utrumque.

100 2348 142 2406 Ut
155 2350 189 2407 fis
205 2357 237 2406 tu
252 2347 347 2404 similis
361 2347 435 2404 Coeli
449 2347 584 2423 Birrique,
599 2348 752 2419 latronum,

99 2451 168 2509 Non
180 2471 236 2527 ego
250 2451 302 2508 fim
313 2451 411 2525 Capri,
430 2469 521 2524 neque
532 2450 624 2521 ·Sulci;
644 2469 697 2508 -cur
706 2459 816 2509 metuas
829 2449 903 2510 111111ι

100 2553 191 2612 Nulla
205 2555 321 2610 taberna
334 2571 410 2610 meos
423 2552 534 2623 habeat,
547 2571 639 2628 neque
651 2553 718 2629 pila,
732 2554 855 2626 libellos,

99 2657 192 2715 (lueis
213 2673 315 2713 manus
333 2655 445 2712 insudet
465 2654 553 2731 vulgi,
580 2657 826 2734 Hermogenisque
845 2659 897 2716 Ti-

179 2759 264 2836 gelli:

100 2861 165 2920 Nec
178 2861 296 2920 recitem
306 2861 471 2938 quidquam,
485 2861 536 2918 nifi
548 2862 656 2933 amicis,
675 2862 761 2938 idque
771 2865 895 2922 condrust

102 2965 171 3024 Non
184 2963 286 3034 ubivis,
300 2983 429 3022 coramve
443 2963 623 3040 quibuslibet.
663 2965 698 3020 In
712 2964 806 3021 medio
817 2964 866 3040 qui

99 3069 211 3146 Scripta
223 3069 288 3128 foro
300 3068 427 3138 recitent,
444 3067 509 3124 sunt
521 3067 619 3137 multi,
641 3065 747 3142 quique
759 3067 896 3126 lavantes:

100 3172 193 3234 snare
203 3171 281 3232 locus
293 3171 356 3231 voci
368 3171 480 3230 resonat
488 3168 645 3228 conclusus
684 3170 787 3228 Inanes
869 3181 870 3186 ’
