2238 3686
193 187 247 236 ua
404 179 776 249 EPISTOLAllUM,

398 471 662 530 EPISTOLA
701 475 781 532 XIV.

471 649 512 687 An
537 649 704 688 t'tLLtctJu.

187 815 326 876 Vrnurcn
340 821 481 892 filrarum,
494 824 610 882 etmihi
622 843 671 882 me
684 819 828 879 reddentis
841 817 934 895 agelli,

189 923 288 978 Quem
302 933 335 978 tu
348 923 463 994 fastidis,
477 926 640 984 habitatum
652 926 779 1000 quinque
791 922 870 992 focis,
884 933 914 978 et

190 1024 328 1099 Quinque
338 1027 427 1082 bouus
439 1026 555 1084 solitum
562 1028 680 1084 Variam
692 1027 835 1084 dimittere
845 1033 949 1100 patrem

188 1127 339 1182 Certemus
353 1127 445 1202 spinas
458 1130 592 1186 animone
605 1149 660 1206 ego
673 1128 783 1197 fortius,
797 1146 835 1184 an
849 1137 882 1184 tu

189 1230 299 1286 Evellas
312 1249 396 1306 agro,
418 1241 448 1288 et
461 1233 562 1288 melior
575 1233 609 1288 srt
622 1231 768 1300 Horatius,
782 1249 819 1286 an
833 1248 885 1286 res.

188 1333 250 1400 Me,
264 1333 393 1407 quamvis
408 1333 515 1390 Lamiae
527 1334 627 1409 pietas,
640 1343 670 1389 et
683 1352 750 1388 cura
763 1341 899 1400 moratur,

188 1435 315 1490 Fratrem
327 1436 482 1504 moerentis,
495 1446 578 1510 rapto
589 1437 624 1492 de
637 1435 724 1492 fratrc
736 1434 858 1490 dolentis

188 1535 386 1620 lusolabiliter,
400 1549 498 1594 tamen
509 1538 580 1594 illuc
592 1557 681 1607 meus,
696 1536 865 1610 animusque

189 1639 263 1708 Fert,
276 1649 307 1695 et
319 1650 384 1694 avet
398 1639 492 1714 spatiis
504 1639 642 1696 obstantia
654 1658 786 1714 rumpere
797 1639 924 1695 claustra.

190 1743 267 1798 Rure
280 1760 334 1816 ego
347 1741 501 1811 liventem,
514 1753 547 1798 tu
559 1743 629 1800 dicis
641 1741 673 1798 in
685 1743 765 1810 urbe,
778 1743 908 1798 beatum:

188 1843 247 1900 Cui
260 1843 354 1918 placet
366 1843 489 1912 alterius,
504 1843 553 1900 sua
566 1844 703 1901 nimirum
715 1845 755 1900 est
767 1843 834 1900 odio
847 1843 912 1900 sors.

189 1947 297 2004 Stultus
310 1956 429 2021 uterque
439 1946 536 2002 locum
546 1947 723 2003 immeritrun
734 1946 864 2002 causatur
877 1946 988 2021 iniquc;

190 2051 227 2106 In
238 2051 322 2125 culpat
335 2049 374 2106 est
388 2049 508 2118 animm,
523 2049 572 2124 qui
585 2049 614 2106 se
627 2068 685 2106 non
698 2048 802 2125 effugit
815 2068 952 2124 uuquam.

187 2143 430 2210 Tu'mediastinus
443 2151 528 2210 tacita
540 2169 624 2226 prece
636 2171 700 2208 rura
710 2152 842 2226 petebas,

188 2257 222 2313 N
224 2275 279 2312 unc
292 2257 402 2324 urbem,
417 2264 448 2312 et
460 2255 551 2324 ludos,
564 2264 593 2310 et
607 2254 718 2324 balnea,
731 2253 842 2310 villicus
855 2263 950 2330 optas:
976 2313 979 2318 Δ

191 2359 243 2415 Me
256 2358 381 2414 constare
391 2356 464 2413 mihi
476 2356 537 2425 scis,
550 2367 580 2412 et
592 2356 733 2414 discedere
748 2356 862 2425 tristem,

189 2460 431 2534 Quandocunque
445 2459 562 2515 trahunt
574 2457 663 2514 invisa
676 2458 791 2535 negotia
805 2459 937 2517 Romam.

192 2563 262 2620 Nou
275 2561 374 2616 eadem
387 2561 538 2630 miramur;
560 2579 594 2617 eo
607 2559 782 2618 disconvenit
794 2561 869 2618 inter

193 2667 310 2740 Meque,
321 2673 351 2720 et
362 2671 402 2719 te:
425 2682 502 2733 nam,
511 2682 574 2737 quae
584 2662 692 2718 deserta
702 2673 731 2720 ct
741 2663 882 2739 inhospita
892 2673 988 2741 tesqua

191 2767 300 2837 Credis,
312 2784 422 2823 amoeua
435 2776 517 2821 vocat
529 2783 643 2822 mecum
656 2765 705 2840 qui
718 2765 811 2836 sentit,
825 2775 855 2822 ct
865 2767 927 2824 odit

191 2871 270 2926 Quae
283 2880 314 2926 tu
328 2867 445 2944 pulchra
455 2876 551 2942 putas:
574 2867 668 2924 fornix
679 2868 732 2924 tibi
744 2882 774 2925 et
786 2869 871 2926 unda
885 2870 988 2947 popina

191 2972 342 3028 incutiunt
357 2970 431 3027 urbis
445 2969 620 3040 defiderium,
634 2969 717 3026 video
722 2995 731 3040 3
753 2979 783 3027 et
795 2973 873 3046 quod

192 3073 327 3146 Angelus
339 3065 388 3129 iste
401 3073 472 3130 feret
483 3071 564 3147 piper
576 3081 605 3128 et
619 3081 663 3130 tus
675 3072 752 3130 ocius
764 3075 835 3144 uvst,
