2238 3686
325 237 389 310 Μ’
408 253 531 312 Auru
556 254 765 312 poemen.
887 251 940 310 163

133 375 226 438 ‚Musa
239 376 327 454 loqui,
341 390 443 455 praeter
455 381 569 438 laudern
583 381 688 438 nullius
701 379 803 438 avaris:

140 462 264 537 Romani
276 483 357 557 pueri
369 483 462 559 longis
474 483 629 540 rationibus
643 483 728 540 assem

133 581 263 640 ¹Discunt
276 584 306 640 in
319 595 411 660 partes
424 594 539 642 centum
552 585 692 642 diducere.
729 584 814 642 Dicat

138 685 227 742 Filius
240 687 355 758 Albini3
378 688 398 744 fi
412 690 447 745 de
460 689 619 764 quincunce
631 697 739 744 remota
753 687 792 743 est

139 789 243 860 Unda,
258 790 327 865 quid
338 791 466 866 superet?
488 793 599 848 Poterat
609 789 717 859 dixisse,
730 788 848 846 Triens>
868 790 925 846 Eu!

139 893 213 948 Rem
225 892 330 967 poteris
344 893 451 950 servare
464 901 552 950 tuam,
582 893 667 950 Redit
680 891 764 948 uncia
772 916 780 962 3
803 891 873 967 quid
886 891 936 949 sit?

138 995 237 1054 Semis.
271 999 322 1066 At,
337 997 398 1054 haec
411 997 519 1054 animos
532 1015 628 1072 aerugo
639 1005 669 1054 et
682 1014 747 1052 cura
759 996 853 1070 peculi

138 1101 216 1156 Cum
229 1099 313 1158 semel
326 1099 470 1170 imbuerit,
484 1099 624 1174 speramus
638 1098 762 1154 carmina
777 1097 849 1174 fingi

138 1202 216 1260 Posse
228 1201 342 1260 linenda
355 1203 447 1274 cedr0,
462 1211 491 1259 et
503 1201 559 1259 levi
572 1200 705 1258 servanda
716 1199 858 1275 cupresso?

137 1305 201 1362 Aut
211 1289 336 1380 prodesse
347 1305 455 1374 volunt,
473 1313 522 1362 aut
534 1303 681 1372 delectare,
694 1304 785 1376 po'e'tae
791 1327 799 1371 3

137 1409 202 1464 Aut
215 1408 296 1464 simul
310 1419 340 1464 et
348 1407 474 1484 jucunda
488 1416 517 1464 et
530 1406 631 1463 idonea
645 1405 737 1462 dicere
749 1405 825 1462 vitae.

139 1509 287 1585 Quicquid
298 1509 451 1586 praecipies,
464 1509 520 1566 esto
534 1508 638 1566 brevis:
660 1516 694 1564 ut
706 1507 763 1564 cito
776 1507 851 1566 dista

137 1612 297 1688 Percipiant
310 1612 398 1670 animi
411 1611 523 1680 dociles,
538 1619 708 1686 teneantque
722 1610 826 1680 fideles„

136 1717 234 1775 Omne
246 1717 449 1799 supervacuum
461 1715 546 1792 pleno
560 1717 595 1772 de
607 1715 718 1791 pedore
732 1725 837 1772 manat.

136 1819 214 1876 Ficta
227 1819 379 1895 voluptatis
392 1818 483 1888 cause,
498 1819 552 1874 sint
564 1817 694 1892 proxima
706 1817 785 1876 veris:

26 1941 29 1945 ·
135 1924 210 1994 Nec,
224 1923 414 1999 quodcunque
425 1922 511 1991 volet,
524 1920 619 1996 poscat
633 1919 684 1976 fibi
696 1921 792 1978 fabula
803 1915 893 1990 credi5

135 2025 206 2083 Neu
217 2017 323 2100 pransae
336 2022 444 2081 Lamiae
456 2023 555 2080 vivum
566 2042 686 2098 puerum
700 2024 829 2080 extrahat
843 2025 914 2086 alvo.
1018 2069 1021 2076 .

136 2126 282 2186 Centuriae
296 2125 437 2183 seniorum
450 2125 561 2202 agitant
573 2125 699 2200 expertia
713 2127 816 2202 frugis5

136 2231 211 2289 Celsi
224 2238 395 2306 praetereunt
408 2229 513 2285 austera
525 2229 655 2302 poemata
665 2228 817 2285 Rhamnes.

135 2334 234 2392 Omne
247 2333 313 2389 tulit
324 2331 471 2406 punctum,
485 2329 535 2404 qui
548 2307 661 2386 miscuit
674 2330 745 2386 utile
759 2332 845 2401 dulci,

134 2437 284 2494 Lettorem
296 2433 460 2491 deledtando
471 2431 631 2506 pariterque
643 2434 794 2491 monendo.

134 2538 195 2596 Hic
207 2545 297 2594 meret
310 2555 365 2592 aera
378 2535 449 2591 liber
461 2534 554 2591 Sosiis:
576 2533 665 2590 hicet
678 2554 755 2592 mare
768 2537 875 2606 transit,

135 2643 173 2699 Et
186 2641 309 2716 longum
322 2647 390 2694 noto
404 2635 531 2712 scriptori
543 2645 675 2712 prorogat
689 2650 789 2695 rerum.

136 2745 209 2801 Sunt
222 2742 323 2799 derina
337 2749 441 2808 tamen,
455 2738 558 2814 quibus
570 2717 707 2814 ignovisse
721 2740 852 2798 velimus:

134 2847 215 2905 Nam
228 2863 320 2920 neque
338 2842 442 2900 chorda
460 2840 560 2898 sonum
579 2840 680 2912 reddit,
701 2861 788 2917 quem
799 2844 861 2901 vult
873 2863 933 2904 ma-

213 2967 274 3016 nus,
288 2956 317 3026 et
330 2963 418 3014 mene,

133 3049 318 3127 Poscentique
330 3066 444 3126 gravem
456 3045 578 3123 persaepe
589 3045 710 3104 remittit
722 3054 852 3120 acutum5
934 3051 936 3056 ’

133 3154 199 3212 Nec
211 3152 320 3228 semper
333 3149 415 3210 feriet
427 3147 617 3224 quodcunque
630 3148 785 3208 minabitur
796 3169 884 3210 arcus.
924 3215 927 3223 ,
