2242 3680
464 237 557 295 LIB.
590 238 630 296 11.
669 236 710 294 iii.
922 233 960 292 63

158 357 286 416 Cerritus
299 359 373 418 fuit?
395 379 430 419 an
445 375 595 422 commotae
609 363 727 422 crimine
740 361 843 420 mentis

157 461 297 519 Absolves
310 462 465 538 hominem,
480 476 510 522 et
520 465 630 524 sceleris
643 464 790 522 damnabis
801 464 933 532 eundem,

157 563 204 619 Ex
214 583 294 622 more
305 565 453 643 imponens
466 579 587 644 cognata
599 567 735 626 vocabula
746 569 846 624 rebus?

157 665 322 734 Libertinus
333 679 401 738 erat,
416 669 466 745 qui
480 670 588 728 circum
600 671 732 746 compita,
747 670 842 740 siccus,

158 769 258 826 Lautis
271 790 354 830 mane
367 773 452 830 senex
465 773 606 841 manibus,
621 775 763 830 currebat:
785 783 824 841 et,
838 773 938 830 Unum

120 869 125 876 '
160 870 256 945 (Quid
277 881 338 932 tam
358 894 507 951 magnum,
531 877 649 949 addens)
674 895 765 933 unum
785 895 833 932 me
853 875 957 951 surpite

237 976 337 1046 morti3

157 1077 212 1134 Dis
225 1078 331 1138 etenim
346 1080 428 1139 facile
441 1083 488 1151 est,
502 1084 612 1139 orabat:
636 1082 717 1140 sanus
727 1081 853 1157 utrisque

157 1179 286 1238 Auribus
299 1191 384 1258 atque
396 1184 498 1254 oculis,
520 1195 655 1251 mentem,
669 1184 721 1241 nisi
731 1184 878 1260 litigiosus,

158 1283 313 1358 Exciperet
333 1286 474 1356 dominus,
501 1306 567 1343 cum
588 1287 735 1344 venderet:
767 1287 821 1343 hoc
844 1307 957 1362 quoque

237 1387 339 1464 vulgus

158 1489 332 1566 Chrysippus
345 1493 427 1568 ponit
437 1494 571 1551 foecundb
583 1493 613 1550 in
627 1502 713 1570 gente
727 1495 853 1551 Meneni.

156 1591 279 1668 Jupiter,
293 1593 423 1671 ingentes
436 1597 486 1672 qui
500 1598 548 1655 das
561 1596 718 1672 adimisque
731 1597 847 1666 dolores,

157 1695 255 1752 Mater
267 1695 306 1753 ait
320 1698 409 1773 pueri,
424 1700 531 1756 menses
538 1699 601 1776 jam
613 1698 739 1775 quinque
752 1699 880 1757 cubantis
887 1723 894 1770 3

158 1797 272 1874 Frigida
285 1800 305 1856 fi
319 1819 439 1876 puerum
452 1812 588 1877 quartana
602 1803 756 1878 reliquerit,
769 1803 819 1861 illo

157 1901 247 1959 Mane
260 1902 315 1973 die,
329 1924 386 1979 quo
401 1914 433 1962 tu
446 1904 546 1962 indicis
555 1904 671 1982 jejunia,
685 1907 777 1964 nudus

157 2004 193 2059 In
205 2003 303 2062 Tiberi
316 2005 406 2063 stabit.
448 2007 544 2078 CasuS,
559 2008 718 2066 medicusve
731 2009 831 2067 levarit

156 2107 284 2183 AEgrum
297 2127 333 2166 ex
344 2109 492 2185 precipiti,
513 2122 603 2168 mater
615 2111 702 2169 delira
716 2112 828 2170 necabit

156 2211 193 2266 In
206 2211 300 2287 gelida
313 2211 404 2270 fixum
417 2213 487 2288 ripe,
504 2214 663 2290 febrimque
674 2216 798 2273 reducet.

158 2315 264 2372 Quone
277 2316 352 2374 malo
365 2327 492 2374 mentem
506 2319 651 2376 conculsa?
674 2317 775 2375 timore
788 2319 914 2376 deorum.

155 2419 229 2476 Haec
241 2419 312 2476 mihi
328 2419 485 2490 Stertinius,
499 2420 658 2496 sapientum
672 2421 795 2490 ottavus,
810 2421 901 2479 amico

156 2523 247 2579 Arma
260 2522 347 2593 dedit,
368 2523 481 2598 posthac
494 2541 530 2580 ne
541 2524 724 2600 compellaret
740 2523 854 2582 inultus.

155 2624 270 2682 Dixerit
280 2625 411 2682 insanum
426 2625 476 2701 qui
485 2645 541 2696 me,
555 2626 675 2684 totidem
689 2627 784 2684 audiet
789 2653 798 2699 3
819 2637 904 2702 atque

155 2727 304 2804 Respicere
316 2728 416 2805 ignoto
429 2728 516 2786 discet
529 2729 681 2805 pendentia
696 2739 784 2807 terg0.

155 2832 258 2900 Stoice,
271 2831 332 2907 post
345 2833 482 2896 damnum
496 2832 533 2888 sic
545 2833 648 2890 vendas
661 2832 756 2890 omnia
769 2833 856 2908 pluris
864 2857 872 2902 5

155 2935 255 2992 Quam
266 2953 312 2991 me
321 2935 477 3006 stultitiam,
489 2935 624 3010 quoniam
636 2955 692 2993 non
704 2935 743 2992 cst
753 2953 841 3011 genus
852 2914 953 3006 unum,

154 3037 281 3094 Insanire
294 3039 393 3114 putas?
414 3057 468 3114 ego
482 3057 549 3095 nam
561 3037 659 3095 videor
671 3037 742 3094 mihi
756 3037 846 3096 sanus.

155 3139 505 3216 Quid,caputabsci1sum
519 3141 649 3197 manibus
663 3160 728 3198 cum
745 3151 838 3218 portat
852 3144 953 3219 Agave
990 3163 995 3168 ·
