2242 3680
197 202 242 253 40
441 199 749 270 SERMONUM,

196 322 262 378 Nec
279 323 394 384 redeant
414 323 519 382 iterum
537 337 622 402 atque
633 327 738 384 iterum
750 323 901 401 spasano
914 323 999 382 thea-

274 425 332 482 tris.

196 527 309 602 Arguta
322 530 468 588 meretrice
480 541 568 607 potes,
583 535 720 609 Davoque
733 532 888 590 Chremeta

198 629 339 690 Eludente
351 632 456 704 senem,
470 653 563 692 comes
577 636 681 711 garrire
694 636 810 704 libellos,

199 733 283 790 Unus
296 734 433 804 vivorum,
449 738 591 795 Fundani:
614 738 701 796 Pollio
715 757 815 814 regum

198 837 282 895 rana
297 838 382 912 canit,
395 841 466 915 pede
480 852 522 898 ter
534 841 673 916 perculso:
697 841 769 898 forte
782 859 848 916 epos
861 858 934 909 acer,

197 939 242 997 Ut
256 959 349 1011 nemo,
363 943 465 998 Varius
481 944 574 1000 ducit:
597 943 682 1000 molle
696 952 781 1018 atque
794 943 921 999 facetum

198 1041 322 1118 Virgilio
335 1055 494 1101 annuerunt
508 1046 662 1121 gaudentes
676 1065 739 1102 rure
752 1046 907 1102 Camoenae.

198 1147 263 1203 Hoc
276 1155 345 1216 erat,
359 1159 474 1223 experto
488 1150 588 1206 frustra
600 1151 727 1206 Varrone
737 1149 870 1217 Atacino,

198 1251 299 1323 Atque
305 1249 474 1324 quibusdam
485 1251 554 1321 aliis,
561 1252 661 1308 melius
670 1253 746 1327 quod
757 1251 875 1308 scribere
882 1250 1003 1326 possem,

199 1353 349 1410 Inventore
362 1353 468 1410 minor:
491 1373 583 1429 neque
595 1373 650 1430 ego
663 1354 705 1410 illi
719 1354 865 1410 detrahere
877 1353 969 1411 ansnn

199 1456 364 1513 Haerentem
377 1457 464 1532 capiti
474 1457 566 1520 multa
577 1476 643 1513 curn
655 1457 739 1514 laude
751 1475 892 1514 coronam.
904 1459 909 1466 '

199 1559 242 1614 At
255 1558 314 1615 dixi
327 1559 415 1616 fluere
428 1560 505 1615 hunc
519 1559 703 1629 lutulentum,
722 1559 795 1634 saepe
808 1559 948 1616 ferentem

199 1661 281 1718 Plura
295 1661 410 1735 quidem
423 1662 546 1718 tollenda
559 1661 757 1736 relinquendis.
798 1660 873 1736 Age,
896 1660 1003 1735 quaeso,

199 1763 246 1820 Tu
259 1762 330 1818 nihil
343 1761 373 1819 in
386 1781 491 1840 magno
509 1764 607 1821 doetus
622 1761 763 1838 reprendis
774 1764 919 1820 Homero?
1010 1787 1013 1792 ·

198 1863 252 1922 Nil
266 1865 353 1922 cornis
367 1865 466 1940 tragici
479 1875 572 1922 mutat
586 1865 712 1922 Lucilius
724 1865 814 1922 Acci?

199 1968 269 2025 Non
283 1967 357 2024 ridet
369 1968 463 2024 versus
476 1969 551 2024 Enni
567 1967 705 2044 gravitate
717 1967 849 2038 minores,

200 2071 277 2128 Curn
290 2070 326 2126 de
338 2070 367 2127 se
379 2069 513 2144 loquitur,
528 2089 586 2126 non
598 2081 632 2126 ut
644 2069 750 2145 majore
762 2068 913 2146 reprdnfis?
1009 2085 1012 2090 ·
1109 2091 1110 2106 ¹

202 2171 282 2230 Quid
294 2181 371 2229 vetat
384 2181 412 2227 et
427 2179 545 2241 nosmet,
565 2172 658 2228 Lucill
671 2172 773 2247 scripta
786 2173 921 2249 legentes,

202 2276 346 2344 Quaerere,
360 2294 430 2332 num
444 2274 528 2344 illius,
544 2293 615 2330 num
627 2293 720 2331 rerum
733 2276 804 2332 'dura
817 2275 929 2352 negarit

200 2376 357 2434 Verficulos
371 2386 469 2434 natura
483 2375 574 2451 magis
586 2376 683 2456 laetos,
697 2387 726 2433 et
738 2385 837 2435 euntes

201 2478 333 2547 Mollius;
356 2498 388 2536 ac
402 2479 422 2536 fi
436 2478 507 2552 quis,
521 2478 638 2552 pedibus
651 2478 721 2553 quid
733 2480 864 2536 claudere
877 2459 960 2551 senis,

201 2582 266 2640 Hoc
277 2589 399 2657 tantum,
412 2589 570 2649 contentus,
586 2590 662 2636 amet
674 2581 805 2657 scripfiffe
816 2583 955 2640 ducentos

202 2684 285 2740 Ante
294 2681 390 2738 cibum
400 2669 502 2750 versus,
524 2681 643 2738 totidem
655 2686 798 2740 coenatus?
820 2685 955 2744 Hetrusci
1009 2686 1011 2688 ’

203 2785 297 2843 Quale
310 2783 366 2842 fuit
380 2783 456 2840 Cassi
469 2783 566 2858 rapido
578 2784 731 2842 ferventius
745 2785 824 2844 amni

202 2886 364 2964 Ingenium,
378 2885 464 2961 capfis
476 2904 563 2960 quem
576 2886 651 2944 fama
665 2887 771 2945 estesse
780 2889 926 2965 librisque'
1010 2899 1012 2906 ’

202 2991 389 3048 Combustum
402 2987 528 3064 propriis.
570 2988 666 3047 Fuerit
678 2990 811 3060 Lucilius,
826 2991 958 3068 inquam,

203 3090 309 3162 Cumis,
322 3101 351 3148 et
362 3093 498 3162 urbanus,
520 3091 607 3150 fuerit
620 3090 744 3152 limatior
755 3093 844 3165 idem,
